2986 4838
1211 269 1288 316 VIIII

167 442 295 507 modum
318 457 406 505 rarae
430 443 461 504 et
479 439 551 529 cius
574 438 658 505 modi
681 440 765 518 sunt,
788 440 824 503 ut
847 437 1057 503 coniecturam
1079 437 1211 520 sapiant,
1235 457 1296 504 non

167 564 204 610 er
227 544 396 627 archetypo
419 542 470 607 uel
493 542 554 607 alio
578 541 682 625 aliquo
705 541 791 606 fonte
814 541 940 606 haustae
963 560 1028 606 esse
1052 541 1226 606 uideantur.

210 645 338 712 Praeter
366 644 503 711 codicem
533 643 841 710 Cheltenhamensem
871 663 906 708 ex
932 644 1176 710 instructionum
1208 644 1296 709 libris
1308 648 1480 743 cmm

168 769 241 814 mss.
264 749 322 814 soli
344 752 464 814 restant
487 748 692 814 Parisinus
717 747 806 830 (bibl.
830 748 948 813 nation.
972 766 1047 815 mss.
1070 747 1126 814 lat.
1149 741 1179 812 n.
1197 747 1295 831 8304)

168 855 200 919 et
220 851 425 916 Leidensis
448 850 631 936 (Vossianus
646 851 678 915 in
695 854 806 916 octauo
823 871 853 914 n.
869 849 937 934 49),
961 851 1090 935 uterque
1106 851 1296 928 chartaceus,

168 960 298 1040 uterque
320 955 443 1021 saeculo
466 955 600 1040 septimo
623 954 745 1020 decimo
768 957 926 1033 exaratus,
955 972 1085 1037 quorum
1108 955 1219 1021 uarias.
1234 955 1297 1022 leo·

168 1060 267 1124 tiones
294 1058 327 1125 J.
349 1059 386 1122 B.
409 1057 524 1123 Pitra
554 1058 587 1122 in
615 1056 772 1141 spicilegii
795 1056 997 1123 Sclesmensis
1019 1057 1177 1123 uolumine
1199 1058 1245 1123 IV
1266 1079 1296 1141 p.

168 1160 349 1227 224-230
370 1162 490 1242 primus
511 1160 597 1243 prelo
620 1160 782 1224 mandauit
805 1163 836 1224 et
860 1160 997 1223 multum
1019 1159 1119 1225 facere
1138 1159 1177 1225 ad
1193 1179 1298 1226 emen-

171 1265 287 1330 dandas
315 1263 537 1328 instructiones
566 1263 681 1327 docuit.
724 1262 811 1327 Idem
835 1265 900 1327 cod.
925 1262 1104 1328 Parisinum
1126 1263 1234 1329 littera
1255 1263 1298 1347 Β,

169 1367 352 1431 Leidensem
380 1366 490 1431 littera
511 1366 547 1436 A
568 1366 743 1450 insigniuit.
780 1367 845 1430 Hcs
874 1364 974 1430 denuo
1003 1369 1097 1448 atque
1126 1366 1299 1430 accuratius

169 1468 305 1550 inspexit
328 1467 360 1533 et
382 1469 546 1550 exscripsit
567 1468 756 1533 Ernestus
771 1466 946 1552 Ludwig,
971 1467 1025 1549 qui
1040 1469 1073 1532 in
1089 1467 1225 1532 editione
1240 1484 1297 1531 sua
1321 1488 1371 1530 cur.
1382 1487 1441 1584 {³1⁵³
1447 1488 1480 1530 ut

169 1569 346 1636 Parisinum
368 1571 511 1653 inprimis
534 1574 646 1637 ducem
668 1574 792 1636 secutus
815 1572 873 1636 cst.
912 1570 952 1634 ut
968 1574 1016 1637 est
1034 1571 1088 1635 ille
1104 1572 1197 1636 codex
1212 1570 1296 1636 haud
1382 1569 1407 1576 “
1443 1570 1449 1581 ’

169 1673 258 1757 parui
280 1674 442 1751 momenti,
466 1692 656 1756 qnamquam
671 1676 859 1739 auctoritate
874 1674 977 1752 minus
993 1675 1078 1738 ualet
1093 1691 1188 1756 quam
1203 1671 1295 1738 Chel-
1322 1663 1327 1676 ’

169 1777 389 1842 tenhamensis.
411 1775 506 1842 Hunc
529 1796 599 1842 eum
622 1777 857 1861 propinquitate
880 1777 1060 1859 contingere
1084 1796 1155 1842 oum
1171 1796 1208 1840 ex
1224 1776 1296 1842 aliis

171 1882 264 1946 rebus
285 1885 355 1946 tum
377 1883 448 1947 inde
471 1882 609 1965 apparet,
638 1883 718 1964 quod
742 1882 915 1964 permultae
937 1882 1088 1947 lectiones
1111 1884 1143 1946 in
1165 1884 1296 1965 utroque

170 1983 382 2063 inueniuntur,
407 2003 486 2066 quae
509 1986 716 2066 corruptelam
729 2004 812 2068 ¹pree
827 2003 860 2048 se
876 1984 986 2050 ferant.
1022 1988 1110 2052 Idem
1131 1991 1203 2070 quia
1225 2005 1296 2052 cum

171 2087 304 2152 editione
326 2087 506 2172 Rigaltiana
529 2090 634 2154 crebro
650 2089 825 2172 conspirat,
854 2088 886 2152 et
908 2088 998 2155 Pitra
1021 2092 1052 2155 et
1073 2091 1205 2173 Ludwig
1227 2110 1298 2156 cen·

171 2190 301 2256 suerunt
322 2209 387 2256 osse
410 2211 482 2256 eum
503 2192 714 2275 apographum
731 2193 810 2257 illud
826 2192 1088 2277 Sirmondianum
1113 2212 1172 2276 quo
1188 2194 1299 2276 Rigal-

170 2294 234 2359 tius
262 2295 295 2359 in
326 2295 461 2360 editione
490 2313 548 2360 sua
578 2295 797 2362 conformanda
820 2315 853 2361 se
875 2316 968 2362 usum
992 2317 1058 2363 esse
1081 2299 1149 2380 ipse
1170 2297 1298 2362 fatetur.

170 2399 215 2463 lla
237 2397 342 2481 opinio
366 2417 436 2464 eum
458 2399 523 2464 iam
544 2399 630 2481 prius
652 2399 732 2463 mihi
762 2399 868 2465 minus
899 2402 1085 2483 probaretur
1098 2399 1156 2485 1⁷),
1191 2404 1300 2483 postea

171 2500 365 2584 argumentis
388 2500 464 2566 satis
488 2503 610 2585 magnis
633 2502 804 2568 ostendisse
828 2503 908 2567 mihi
932 2503 1037 2568 uideor
1060 2505 1195 2569 codicem
1211 2502 1300 2568 Pari·

171 2604 275 2668 sinum
306 2621 387 2667 non
418 2622 484 2668 esse
513 2603 616 2686 ipsum
648 2605 859 2686 apographum
890 2605 1048 2670 Sirmondi
1064 2603 1113 2688 18).
1162 2605 1302 2686 Quorum

170 2708 427 2789 argumentorum
457 2707 558 2770 nescio
588 2726 628 2771 an
657 2709 881 2790 grauissimum
911 2709 972 2788 sit,
1003 2709 1084 2792 quod
1111 2708 1301 2773 acrostichon

171 2808 251 2873 118
283 2809 316 2873 in
343 2810 483 2874 Parisino
514 2810 618 2875 codice
647 2810 739 2875 initio
771 2814 920 2877 omissum
951 2816 1089 2876 extrema
1119 2813 1185 2876 eius
1214 2814 1301 2893 parte

172 2911 347 2994 Rigaltii
376 2912 505 2994 ipsius
531 2929 645 2976 manu
676 2912 817 2979 additum
847 2918 903 2981 est.
943 2915 1003 2995 Qui
1032 2917 1073 2994 si,
1109 2918 1144 2978 ut
1173 2915 1240 2998 ipse
1269 2917 1301 2980 in

173 3014 366 3096 praefatione
398 3014 492 3094 dicit,
534 3016 622 3080 uetus
653 3017 898 3082 instructionum
929 3018 1087 3101 exemplar
1117 3036 1179 3083 non
1208 3016 1300 3095 uidit,

173 3120 254 3184 unde
276 3117 380 3201 potuit
403 3117 482 3182 illud
499 3116 695 3184 acrostichon
711 3119 862 3202 supplere,
886 3119 947 3184 nisi
970 3139 1006 3184 ex
1029 3139 1102 3185 uero
1124 3119 1301 3203 apographo

173 3219 414 3286 Sirmondianc?
617 3216 618 3219 ’

214 3323 338 3407 Itaque,
363 3323 424 3388 nisi
448 3323 554 3403 fallor,
579 3324 624 3390 sic
647 3344 680 3390 se
702 3345 751 3390 res
772 3325 899 3391 habuit:
927 3327 1085 3410 Rigaltius
1108 3326 1301 3393 Sirmondia·

174 3444 249 3491 num
273 3428 429 3509 exemplar
449 3429 611 3510 acceptum
634 3431 736 3507 nescio
759 3431 809 3494 oui
840 3430 1077 3496 describendum
1108 3430 1204 3496 dedit.
1242 3431 1302 3495 Hic

173 3548 272 3595 nouus
303 3530 383 3594 liber
414 3550 451 3595 ex
480 3530 696 3598 sirmondiano
727 3533 900 3615 descriptus
924 3533 956 3602 B
978 3536 1081 3598 noster
1108 3537 1163 3599 est.
1202 3529 1300 3610 Quem

174 3633 250 3696 dum
273 3632 443 3715 perlustrat
459 3633 618 3715 Rigaltius
642 3638 673 3699 et
697 3653 767 3699 cum
790 3636 967 3719 apographo
983 3635 1200 3725 Sirmoudiano
1216 3653 1300 3700 oom-

174 3739 273 3818 parat,
297 3754 369 3799 cum
384 3736 461 3801 alios
477 3737 597 3802 librarii
614 3755 731 3802 errores
748 3739 879 3804 correxit
898 3741 966 3805 tum
982 3740 1176 3805 acrostichon
1191 3738 1300 3803 XVIll

173 3838 259 3903 illius
282 3839 402 3903 incuria
424 3842 573 3905 omissum
597 3843 664 3920 ipse
686 3842 853 3924 suppleuit.

217 4026 246 4092 17)
266 4024 514 4094 Sitzungsberichte
531 4024 619 4079 XCVI
637 4042 663 4094 p.
682 4027 734 4079 452
751 4043 804 4096 sq.;
827 4027 933 4081 Blitter
951 4029 969 4080 f.
983 4029 1008 4082 d.
1024 4028 1111 4098 bayer.
1124 4029 1220 4098 Gymn.
1236 4029 1301 4084 XVI

171 4128 196 4181 p.
211 4112 516 4266 qfflasitzungsberiehte
534 4198 609 4254 CVII
628 4216 652 4268 p.
672 4199 721 4253 737
740 4215 779 4268 sq.
