2986 4838
1228 301 1279 349 VH

194 473 340 539 Ceterum
354 449 572 535 Commodiani
594 468 796 552 profanarum
819 469 996 535 litterarum
1019 470 1122 536 studia
1145 489 1206 536 non
1224 470 1278 550 eis,

151 595 227 661 quos
251 573 509 651 memorauimus,
544 571 748 654 scriptoribus
771 591 803 637 se
827 571 1055 638 continuerunt.
1101 571 1280 640 Ciceronem

151 697 288 764 quoque,
323 675 481 759 Ouidium,
506 672 682 755 Tibullum,
715 674 793 740 alios
821 674 980 741 interdum
1003 677 1126 742 uidetur
1153 677 1278 743 secutus

150 801 233 860 esse;
258 798 313 865 ego
329 797 401 845 uero
417 797 488 844 cum
504 777 699 862 et'temporis
716 777 870 860 angustiis
884 778 916 842 et
931 779 1046 843 uirium
1065 779 1280 846 mediocritate

150 883 312 968 impediar,
336 882 407 949 aliis
430 900 497 946 rem
519 881 693 945 accuratius
717 880 911 946 tractandam
934 881 1088 964 relinquo;
1120 883 1173 966 qui
1196 885 1279 950 siin

149 985 363 1054 Commodiani
386 984 575 1051 carminibus
597 1002 689 1050 suum
713 984 822 1066 cuique
845 984 974 1049 reddere
990 986 1193 1070 conabuntur,
1217 1006 1279 1053 non

150 1091 251 1157 multo
274 1089 436 1173 angustior
459 1089 502 1152 eis
525 1105 654 1170 campus
676 1087 799 1169 patebit
827 1105 920 1170 quam
947 1087 981 1152 in
1003 1088 1171 1155 Ammiano
1193 1093 1279 1158 Mar·

148 1193 276 1259 collino.

413 1363 469 1433 De
492 1360 686 1434 codicibus
708 1361 1013 1435 instructionum.

191 1499 409 1583 Balunio¹⁸)
432 1498 460 1563 si
482 1497 560 1562 fides
588 1498 728 1564 habenda
756 1501 816 1583 est,
851 1501 1013 1566 Iacobus
1048 1500 1476 1612 Sirmonduacggfflgffin

148 1605 375 1690 apographum,
410 1620 469 1685 quo
503 1600 711 1687 Rigaltius
744 1606 852 1684 postea
885 1622 958 1669 usus
989 1607 1050 1683 est,
1089 1624 1125 1670 ex
1153 1609 1276 1671 uetusto
1468 1592 1475 1604 ’

148 1708 250 1774 codice
274 1708 490 1774 Andecauensi
512 1709 579 1790 ipse
603 1706 816 1788 descripserat.
853 1704 945 1772 Hunc
969 1707 1107 1772 codicem
1129 1726 1190 1773 non
1211 1709 1276 1774 iam

147 1828 323 1892 comparere
352 1812 542 1898 Ernestus
571 1808 743 1891 Ludwig,
774 1808 961 1874 nouissimae
984 1808 1130 1874 editionis
1158 1814 1275 1892 auctor,

147 1913 446 1996 aLemarchandio,
480 1912 689 1979 bibliothecae
712 1911 944 1977 Andecauensis
966 1912 1129 1994 praefacto,
1158 1913 1274 1978 litteris

147 2017 263 2081 certior
284 2017 387 2081 faetus
410 2021 468 2082 est.
502 2016 545 2080 Eo
568 2016 669 2096 magis
689 2015 951 2106 operaepretium
975 2019 1021 2081 est
1045 2018 1186 2082 accurate
1209 2017 1274 2081 col·

146 2120 254 2204 ligere,
278 2121 304 2184 si
328 2119 402 2202 qnid
423 2119 563 2184 homines
579 2119 685 2183 doctos
708 2118 780 2183 inde
795 2119 992 2200 exscripsisse
1015 2122 1068 2184 aut
1084 2120 1205 2184 certum
1220 2120 1276 2184 aut

146 2222 319 2288 uerisimile
347 2224 409 2300 est,
442 2221 626 2304 praesertim
650 2238 722 2285 cum
744 2220 842 2286 etiam
869 2221 1081 2302 apographum
1104 2220 1184 2286 illud
1208 2219 1274 2285 Sir·

145 2313 347 2392 mondianum
375 2324 414 2391 ad
439 2325 520 2391 hane
543 2324 680 2389 aetatem
703 2341 763 2389 non
786 2323 929 2388 uideatur
951 2327 1138 2406 peruenisse.

188 2448 228 2511 Et
250 2447 370 2530 primus
393 2445 460 2526 ipse
484 2445 725 2523 sirmondus,
761 2448 795 2509 ut
826 2463 919 2527 supra
948 2446 1205 2530 memorauimus,
1240 2446 1273 2509 in

145 2550 281 2614 editione
298 2549 442 2628 Ennodii,
466 2549 576 2614 deinde
600 2547 808 2614 Gilbertus
826 2548 1058 2614 Gaulminus
1081 2550 1114 2614 in
1137 2549 1273 2615 editione

145 2654 302 2718 Eustathii
324 2653 494 2734 particulas
517 2656 668 2734 q‘uasdam
696 2651 939 2717 instructionum
968 2653 1161 2735 attulerunt,
1196 2670 1273 2735 quae

145 2760 199 2821 aut
223 2776 259 2820 eu
281 2756 347 2837 ipso
371 2755 425 2819 illo
455 2755 558 2819 codice
587 2758 712 2819 uetusto
735 2759 789 2819 aut
812 2774 847 2818 ex
871 2756 1047 2839 apographo
1070 2773 1088 2818 a
1111 2754 1271 2821 Sirmondo

145 2861 262 2941 scripto
297 2859 442 2922 uidentur
475 2857 609 2920 duxisse.
654 2857 858 2940 Rigaltius
890 2862 995 2923 autem
1029 2858 1271 2923 instructionum

145 2965 235 3026 uetus
260 2960 416 3043 exemplar
437 2959 558 3024 nullum
582 2977 614 3023 se
638 2958 763 3038 uidisse,
787 2960 842 3026 sed
866 2962 1041 3044 apographo
1063 2962 1187 3026 tantum
1205 2960 1271 3026 Sir·
1314 3027 1318 3035 ,

144 3064 309 3130 mondiano
337 3064 370 3127 in
399 3063 532 3128 editione
562 3062 697 3127 curanda
726 3081 818 3127 usum
845 3082 910 3127 esse
936 3066 968 3128 in
990 3064 1183 3147 praefatione
1205 3065 1271 3149 ipse

143 3170 272 3233 fatetur.

186 3292 230 3354 nt
253 3289 442 3356 Baluzius
466 3287 616 3352 lectiones
640 3306 675 3352 ex
697 3287 764 3370 ipso
788 3285 892 3353 codice
907 3288 1120 3353 Andecauensi
1143 3288 1269 3353 haustas

142 3393 341 3476 conpluribus
370 3409 497 3490 operum
526 3409 652 3455 suorum
681 3391 757 3456 loeis
786 3409 847 3456 non
870 3391 917 3456 ita
938 3409 1052 3473 paucas
1075 3391 1187 3458 adfert.
1224 3391 1269 3456 Ea

142 3498 181 3561 de
203 3517 236 3560 re
259 3495 386 3561 uberius
416 3495 465 3578 egi
488 3493 520 3558 in
542 3495 665 3559 Blattcr
688 3494 710 3558 f.
734 3496 764 3559 d.
786 3495 893 3578 baycr.
917 3494 1030 3580 Gymn.
1053 3493 1130 3561 XVI
1151 3514 1181 3577 p.
1205 3494 1267 3559 341

142 3597 271 3680 sno-¹⁴).
316 3630 320 3638 ·

185 3718 402 3781 Patauinus
425 3734 546 3798 quoque
570 3715 786 3781 Commodiani
809 3718 916 3792 codex,
952 3735 1044 3798 quem
1067 3715 1469 3823 M⁰¹¹tfau⁰⁰¹1⁰⁰igp¹ssssffl⁰¹

141 3820 175 3884 in
197 3818 273 3884 bibl.
291 3819 367 3884 bibl.
392 3824 467 3884 tom.
491 3821 507 3884 Ι
529 3819 607 3903 487ἒ
629 3819 674 3884 sic
695 3819 854 3903 designat:
882 3818 932 3884 ‘ex
955 3821 1082 3885 Musaeo
1105 3819 1266 3885 Laurentii

184 4040 216 4106 ¹³)
234 4040 297 4093 Not.
316 4041 345 4092 in
362 4039 485 4094 Lactant.
503 4040 535 4093 da
553 4044 630 4095 mort.
649 4043 777 4109 persecut.
800 4058 821 4096 e.
848 4043 892 4107 113
919 4042 997 4111 Cypr.
1024 4041 1064 4095 ed.
1091 4041 1177 4095 Paris.
1203 4059 1265 4096 aun.

141 4126 208 4180 1726
226 4142 251 4194 p.
269 4125 328 4178 453.
912 4128 913 4132 ’

185 4212 213 4280 ¹¹)
233 4210 273 4265 Cf.
293 4209 541 4280 Sitnungaberichte
559 4211 635 4267 CVII
651 4228 676 4281 p.
696 4213 746 4267 733
764 4229 820 4282 sqq.
