2986 4838
1252 358 1304 406 111

180 548 212 595 se
234 526 361 614 quisque
389 530 472 595 idem
501 529 641 595 inuenire
670 529 809 613 potuisse
838 527 1010 594 crediderit.
1049 528 1123 594 llius
1145 527 1224 612 legis
1246 546 1302 592 au·

180 634 255 699 xilio
277 634 388 699 multis
411 633 557 698 carminis
587 632 662 697 locis
689 634 855 720 uerborum
884 631 1043 696 distinctio
1071 631 1184 696 melius
1211 624 1304 713 quam

181 739 272 802 antea
294 736 419 801 institui
441 738 553 818 potuit.

224 838 367 905 Ceterum
390 857 450 905 uno
473 841 549 920 loco,
573 860 601 905 u.
617 839 682 908 565
700 837 788 922 (561)
806 855 885 921 sqq..
908 838 974 919 ipse
998 837 1176 910 Guilelmus
1199 839 1304 922 Meyer

182 942 439 1009 Commodianum
462 944 563 1026 legem
586 944 675 1008 illam
698 943 868 1024 neglexisse
890 939 1047 1016 concedit;
1071 941 1125 1005 sed
1140 940 1211 1004 aliis
1226 959 1304 1023 quo·

182 1064 241 1128 que
273 1046 348 1111 locis
380 1045 463 1111 idem
493 1047 618 1111 uidetur
649 1046 803 1122 euenisse,
837 1044 925 1107 uelut
947 1062 976 1109 1.
1000 1043 1040 1109 15
1062 1061 1129 1126 sqq.
1154 1044 1216 1108 143
1237 1045 1305 1128 sqq'.

181 1149 242 1216 341
260 1170 325 1233 sqq.
351 1150 410 1215 621
428 1169 495 1233 sqq.
519 1149 580 1214 657
597 1169 662 1232 sqq.
686 1149 749 1215 913
764 1166 830 1231 sqq.
853 1145 917 1212 930
934 1165 999 1229 sqq.

223 1253 312 1318 Idem
339 1254 389 1317 uir
420 1253 636 1329 doctissimus,
670 1255 835 1334 postquam
863 1251 1012 1314 lectiones
1038 1250 1305 1316 Mediomontanas

66 1431 68 1436 ,
182 1375 254 1421 cum
276 1373 310 1421 eo
334 1355 578 1433 communicem,
602 1355 793 1419 cumulatam
816 1351 893 1415 mihi
917 1352 1040 1416 rettulit
1062 1354 1212 1435 gratiam,
1235 1372 1306 1418 enm

181 1461 304 1543 praeter
320 1478 382 1536 eas,
398 1477 474 1541 quas
491 1460 523 1523 in
539 1458 796 1523 commentatione
811 1456 867 1521 illa
881 1454 1051 1539 proposuit,
1076 1456 1306 1522 emendationes

182 1562 260 1627 alias
283 1580 403 1644 quoque
426 1581 487 1626 non
509 1580 622 1644 paucas
645 1580 700 1642 per
722 1560 846 1623 litteras
870 1558 949 1622 mihi
972 1559 1195 1641 suppeditauit.

225 1871 331 1934 Pauca
353 1869 390 1933 de
413 1872 520 1932 nostra
541 1868 757 1950 qualicumque
779 1884 871 1949 opera
899 1867 1039 1933 addenda
1063 1871 1145 1936 sunt.
1182 1868 1305 1933 inuitus

184 1992 250 2038 rem
272 1971 492 2037 difficillimum
514 1971 679 2054 adgressus
701 1989 786 2049 sum,
815 1974 999 2034 cunctanter
1023 1974 1130 2036 cedens
1154 1971 1306 2050 benignae
1401 2045 1404 2050 .

184 2076 354 2139 amicorum
376 2072 595 2150 adhortationi,
618 2073 671 2154 qui
695 2073 776 2137 iusto
798 2072 910 2137 melius
933 2074 970 2138 de
992 2073 1113 2138 uiribus
1130 2074 1207 2138 meis
1223 2075 1306 2138 iudi-

112 2221 115 2227 ·
185 2178 306 2242 cabant.
341 2178 378 2240 In
394 2177 459 2259 ipso
475 2179 580 2240 autem
596 2193 686 2258 opere
700 2177 874 2240 identidem
896 2177 1064 2257 inopinatis
1087 2170 1305 2258 interpellatus

184 2279 416 2363 impedimentis
439 2298 518 2354 sum,
542 2283 573 2343 et
596 2298 665 2343 cum
689 2279 814 2343 tandem
836 2281 920 2361 typis
943 2280 1074 2344 exscribi
1097 2279 1224 2344 libellus
1246 2280 1309 2345 iarn

186 2387 312 2464 coeptus
343 2383 438 2462 esset,
473 2400 552 2446 nouo
582 2388 674 2464 atque
704 2382 860 2447 laborioso
887 2387 1012 2465 repente
1034 2403 1161 2448 munere
1182 2384 1308 2467 publicu

186 2485 263 2549 mihi
285 2485 423 2550 iniuncto
445 2485 578 2567 negotiis
601 2487 730 2550 insuetis
752 2485 826 2549 adeo
850 2486 1028 2564 distinebar,
1052 2485 1141 2551 utin
1165 2485 1308 2551 Commo·

185 2589 313 2653 dianum
335 2605 397 2650 non
421 2588 544 2650 tantum
568 2591 717 2670 qnantum
740 2589 917 2670 requirebat
940 2607 1028 2653 curae
1052 2588 1218 2670 inpendere
1240 2605 1308 2670 pos·

186 2711 251 2755 sem
267 2697 299 2754 et
314 2693 470 2772 postremo
487 2692 610 2755 differre
627 2692 795 2755 editionem
811 2710 942 2775 cogerer.
958 2691 1050 2756 Nunc
1064 2710 1135 2755 uero
1152 2692 1309 2755 mensibus

186 2796 305 2877 aliquot
334 2795 505 2861 interiectis
534 2797 600 2875 ipse
629 2795 666 2858 de
696 2795 853 2860 nonnullis
881 2795 944 2859 alia
965 2795 1058 2876 atque
1080 2795 1172 2858 antea
1195 2794 1311 2859 sentire

187 2898 273 2980 coepi
295 2901 326 2962 et
348 2899 546 2962 retractanda
568 2899 719 2979 quaedam
741 2916 860 2962 censeo.

231 3002 247 3064 1
270 3002 300 3077 6,
323 3001 353 3067 4.
378 3000 507 3083 Scripsi:
539 2999 668 3065 Versare'
689 3004 851 3065 moturum
877 3001 950 3086 <tre>
975 3000 1122 3081 infantia
1143 3020 1205 3064 eoa
1220 3003 1306 3083 capit

187 3125 311 3169 accam.
362 3104 553 3186 Praepositio
584 3105 620 3167 c'a
650 3123 836 3185 quamquam
872 3108 944 3186 post
972 3108 1145 3170 mutarum
1176 3109 1208 3171 et
1237 3111 1309 3172 ante

187 3206 344 3287 defectio
366 3207 517 3273 facillime
538 3208 642 3288 potuit
665 3210 820 3283 excidere,
850 3211 972 3286 tamen,
1003 3209 1150 3290 quoniam
1176 3209 1308 3275 ablatiui

186 3311 253 3375 sine
276 3312 503 3394 praepositione
526 3332 599 3376 usus
621 3313 703 3394 apud
726 3311 982 3400 Commodianum
1005 3313 1067 3378 late
1091 3310 1243 3397 patet³¹),
1272 3331 1310 3379 ne

189 3413 247 3477 hoo
269 3414 393 3496 quidem
416 3415 481 3480 loeo
505 3415 565 3480 fnit
588 3416 819 3496 interponenda.

230 3518 247 3582 Ι
270 3517 320 3598 26,
348 3520 395 3582 17.
427 3518 607 3583 Claudicare
639 3520 825 3584 sententiam
856 3520 919 3583 iam
942 3520 995 3584 diu
1019 3520 1234 3584 intellexeram
1257 3519 1309 3600 (ci.

89 3656 94 3667 ·
190 3619 475 3703 Situungsbericbte
499 3620 581 3686 GVH
604 3643 633 3704 p.
658 3622 745 3699 756);
781 3641 863 3686 nunc
893 3623 1031 3705 paenitet
1061 3643 1110 3686 me
1141 3641 1202 3687 non
1225 3640 1309 3686 rece·

191 3723 287 3803 pisse,
310 3727 389 3805 quod
413 3725 486 3789 olim
510 3725 541 3788 in
564 3729 700 3789 mentem
723 3728 860 3801 uenerat,
883 3725 973 3790 cada
993 3744 1049 3807 pro
1071 3726 1149 3789 citu.
1188 3725 1308 3806 Conpa-

191 3827 278 3889 ratur
308 3827 389 3890 enim
419 3827 538 3891 incerta
568 3829 650 3892 uitae
676 3828 831 3893 humanae
855 3828 992 3892 condicio
1016 3847 1085 3893 oum
1109 3830 1309 3908 nauigatione

193 3929 399 4013 periculorum
429 3931 527 4010 plena.
572 3933 617 3995 De
641 3932 794 3996 adiectiuo
815 3933 920 3995 citrea
943 3950 1013 3996 cum
1035 3931 1125 3995 ande
1148 3933 1311 3996 coniuncto

192 4034 231 4098 cf.
254 4033 347 4116 Verg.
371 4036 449 4097 Aen.
474 4033 533 4097 VII
557 4033 628 4101 759.

195 4182 396 4192 --.....-

239 4238 269 4303 ⁸¹)
286 4237 325 4293 cf.
345 4236 425 4290 indic.
443 4235 582 4291 uerborum
601 4241 629 4291 et
645 4238 820 4293 locutionum.
