2986 4838
218 288 242 333 X

260 457 367 522 Nonas
390 459 540 540 quasdam
563 477 612 523 res
634 459 725 539 addo,
753 462 834 527 unde
856 466 1005 546 appareat
1027 484 1091 530 non
1113 467 1220 549 utique
1242 466 1345 531 solum

217 560 420 728 {goslicceumarlgt
434 559 572 644 Rigaltio
595 564 633 627 ad
656 579 768 628 manue
790 563 898 645 inisse,
919 585 993 631 cum
1007 567 1228 634 instructiones
1251 570 1344 635 eden-

260 784 298 847 In
328 784 515 850 relationum
546 784 732 850 Academiae
762 785 884 852 Caesar.
908 788 1044 854 Vindob.
1074 791 1233 856 uolumine
1257 789 1345 858 CVII

215 908 245 970 p.
263 888 325 953 738
340 905 387 971 sq.
409 887 527 953 multos
550 887 647 952 attuli
668 887 763 971 locos,
788 890 900 973 quibus
923 891 1018 957 editio
1035 894 1176 977 princeps
1191 913 1261 959 cum
1276 895 1343 960 cod.

217 987 491 1056 chaltenhamensi
508 992 662 1070 conuenit,
687 993 787 1059 acod.
803 993 945 1060 Parisino
962 994 1075 1060 differt.
1098 994 1184 1075 Quae
1199 997 1341 1080 exempla

215 1111 407 1176 quamquam
436 1093 614 1178 sufficiunt,
648 1113 745 1159 unum
774 1100 895 1174 tamen,
930 1099 1012 1180 quod
1042 1097 1108 1163 illic
1129 1100 1267 1166 omisisse
1290 1119 1342 1165 me

216 1198 371 1280 paenitet,
394 1197 445 1262 hic
468 1200 591 1263 addam.

258 1318 275 1382 I
297 1317 350 1395 23,
375 1317 416 1381 14
436 1317 471 1382 iu
493 1317 628 1383 editione
650 1320 790 1401 principe
812 1319 888 1385 haec
910 1320 1074 1404 leguntur:

357 1421 396 1486 In
418 1419 591 1503 supplicem
613 1422 717 1502 prodis
742 1422 809 1498 dei,
833 1424 891 1487 sub
912 1423 1041 1505 aspectu
1063 1424 1200 1505 tyranni.

259 1541 345 1607 illud
377 1541 429 1605 dei
462 1559 560 1622 neque
591 1541 625 1604 in
652 1542 684 1611 B
711 1560 810 1625 neque
837 1544 870 1607 in
892 1543 928 1614 A
957 1544 1116 1608 inuenitur
1144 1543 1273 1626 ideoque
1303 1543 1342 1608 ab

188 1651 191 1654 ’
215 1644 347 1710 Ernesto
368 1643 501 1727 Ludwig
522 1643 695 1721 omittitur,
719 1662 908 1726 quamquam
931 1663 966 1710 ea
988 1663 1152 1711 reuersus
1175 1647 1341 1712 claudicat.

215 1749 261 1814 At
284 1747 571 1813 Oheltenhamensis
594 1746 724 1811 editioni
754 1748 888 1831 principi
918 1749 977 1813 hoc
999 1767 1120 1831 quoque
1142 1749 1208 1814 loco
1230 1750 1343 1814 suffra·

214 1854 318 1934 gatur.
355 1851 466 1932 Itaque
489 1867 566 1914 cum.
582 1868 621 1914 ne
644 1850 866 1931 sagacissimus
890 1852 1018 1933 quidem
1044 1853 1137 1918 homo
1167 1854 1343 1917 coniectura

214 1953 358 2038 supplere
380 1971 489 2018 uocem
511 1951 562 2016 dci
582 1953 736 2035 potuerit,
768 1952 900 2017 dubium
923 1971 985 2018 non
1009 1957 1071 2032 est,
1106 1955 1182 2037 quin
1203 1954 1342 2038 Rigaltio

215 2061 338 2141 praeter
367 2055 548 2122 Parisinum
577 2054 658 2118 alius
688 2073 808 2137 quoque
839 2056 934 2120 ceder
962 2055 1117 2131 adiuerit,
1148 2076 1240 2138 quem
1268 2076 1341 2124 con·
1473 2066 1476 2071 “

215 2161 342 2227 sudaret.

257 2278 435 2346 Aerostichi
457 2279 474 2342 I
498 2277 538 2341 13
561 2296 687 2342 uersum
710 2277 731 2340 5
752 2277 912 2359 Rigaltius
935 2277 980 2341 sic
1000 2277 1141 2359 scripsit:

359 2381 439 2448 Cum
460 2383 488 2446 si
510 2382 585 2445 deus
608 2381 689 2444 esset
711 2397 849 2461 unquam
871 2397 932 2444 non
954 2380 1038 2444 furto
1061 2381 1200 2447 uiuebat.

215 2504 304 2568 Idem
325 2503 359 2567 in
381 2501 601 2566 commentario
624 2501 769 2564 adnotat:
793 2497 873 2564 ‘Est
896 2499 960 2582 qui
982 2500 1110 2565 malit:
1135 2522 1205 2565 cem
1220 2503 1250 2566 si
1264 2505 1341 2568 deus

214 2611 300 2689 esset
323 2607 401 2687 utiq,
428 2605 517 2687 (sici)
539 2623 605 2668 icoo
626 2602 711 2683 furto
726 2601 862 2665 eiectat.
897 2601 957 2666 Sed
973 2601 1048 2666 haec
1062 2604 1217 2684 particula
1231 2607 1341 2687 otique

215 2729 321 2777 rursus
337 2712 475 2776 occurret
490 2727 582 2773 uersu
596 2707 732 2789 proxime
747 2701 840 2785 sequ?
863 2739 905 2749 -
922 2703 997 2782 Quis
1013 2707 1061 2769 est
1076 2706 1139 2785 ille,
1163 2708 1340 2789 quietique

214 2817 309 2882 malle
331 2814 444 2879 dicitur
466 2831 559 2896 quam
585 2807 753 2891 unquam?
790 2808 828 2871 In
851 2806 989 2871 Parisino
1013 2809 1137 2889 quidem
1160 2812 1224 2875 sola
1247 2812 1340 2876 lectio

215 2937 359 3000 acquam
380 2917 554 2989 inuenitur:
588 2930 647 2977 non
669 2911 770 2995 magis
791 2909 824 2974 in
847 2909 1028 2975 Leidensem
1052 2913 1190 2977 codicem
1213 2916 1338 2995 eadunt,

215 3041 295 3104 quae
310 3021 467 3105 Rigaltius
487 3019 583 3102 dicit;
605 3017 650 3080 ibi
672 3017 755 3080 enim
777 3014 809 3077 in
832 3015 919 3077 textu
941 3032 1118 3097 conquam,
1142 3015 1175 3080 iu
1197 3018 1339 3099 margine

214 3144 357 3208 coemo:
394 3124 545 3205 scriptum
578 3124 626 3185 est
659 3111 759 3200 neque
792 3116 961 3198 quidquam
995 3121 1156 3197 praeterea
1189 3119 1339 3186 additum.

214 3230 354 3311 Apparet
376 3227 474 3310 igitur
495 3223 671 3304 Rigaltium
694 3220 859 3285 lectionem
880 3220 986 3298 oroque
1009 3237 1043 3282 er
1067 3220 1128 3283 alio
1151 3220 1236 3286 fonte
1259 3222 1339 3304 peti-

215 3332 310 3416 uisse,
345 3348 437 3413 quem
466 3329 635 3411 genuinum
665 3325 762 3389 fuisse
792 3322 974 3386 documento
997 3321 1058 3401 est,
1090 3326 1170 3403 quod
1194 3323 1338 3390 Chellen-

215 3434 370 3501 hamensis
394 3450 513 3518 quoque
534 3430 607 3522 clip
626 3428 712 3512 (sici)
738 3424 876 3509 praebet.

263 3558 480 3639 Insequentem
516 3551 654 3615 eiusdem
687 3545 832 3612 carminis
870 3561 993 3607 uersum
1030 3543 1125 3608 editio
1155 3536 1338 3630 Rigaltiana

215 3663 299 3729 huuc
320 3660 353 3725 in
372 3660 502 3723 modum
524 3653 672 3720 tradidit:

379 3763 532 3826 Terrenus
554 3757 663 3839 utique
685 3752 746 3818 fuit
769 3754 799 3816 et
823 3748 1030 3814 monstriuora
1053 3749 1173 3814 natura.

216 3886 337 3953 Ibidem
367 3884 399 3948 in
433 3878 654 3946 commentario
687 3874 825 3940 additur:
857 3868 981 3934 ‘Placet
1011 3870 1202 3936 emendatio:
1240 3873 1336 3937 Moo-

214 3984 357 4056 strcosa?
397 3986 481 4067 Quae
511 3980 684 4047 emendatio
715 3982 821 4042 utrum
850 3972 946 4057 ipsius
976 3971 1078 4035 sitan
1100 3973 1181 4039 alius
1206 3977 1337 4042 alicuius

216 4092 372 4178 Rigaltius
388 4107 449 4154 non
465 4085 552 4151 dicit.
586 4085 639 4161 At,
663 4081 724 4146 nisi
741 4079 840 4155 fallor,
864 4075 991 4140 haecne
1007 4074 1056 4137 est
1072 4075 1197 4155 quidem
1214 4096 1337 4144 emen·

217 4196 340 4273 datio,
364 4197 399 4257 ut
422 4191 492 4272 Rig.
515 4190 593 4254 falso
616 4185 807 4269 opinabatur,
830 4179 882 4245 sed
904 4177 1066 4258 antiqua
1088 4180 1124 4240 et
1146 4197 1240 4244 uera
1262 4181 1335 4246 lec-
