2986 4838
1246 348 1315 395 nvn

195 538 305 585 narum
321 517 476 600 exemplar
491 517 557 599 ipse
573 517 697 581 uidetur
714 515 894 599 inspexisse,
917 517 1028 598 quibus
1044 534 1098 581 cur
1114 535 1175 582 non
1191 516 1314 600 saepius

194 623 226 686 ιι
247 621 443 688 constantius
465 639 539 685 usus
563 619 615 699 sit,
637 620 729 684 ualde
752 621 927 684 mirandum
950 622 1006 683 est.

236 723 379 790 Ceterum
402 743 440 789 ne
462 724 519 788 hoc
541 723 666 807 quidem
689 721 873 787 sufficiebat.
911 720 1060 788 Omnium
1087 724 1225 806 primum
1253 726 1314 807 ipsi

193 828 311 894 codices
338 845 420 893 mss.
448 829 576 891 tandem
604 826 769 907 aliquando
802 825 936 891 adeundi
965 828 1064 892 erant.
1101 826 1169 892 Hoc
1197 827 1313 908 primus

192 935 261 1014 post
283 930 446 996 Baluuium
469 931 501 997 J.
524 929 561 995 Β.
584 928 698 993 Ριιιι
719 929 810 1003 facit,
845 930 897 1011 qui
931 928 963 992 in
997 928 1152 1012 spicilegii
1183 929 1311 995 Solesm.

192 1034 349 1100 uolumine
370 1033 415 1098 IV
438 1053 468 1116 p.
492 1033 556 1097 224
578 1051 644 1115 sqq.
677 1034 779 1098 uarias
812 1031 962 1096 lectiones
996 1031 1136 1097 codicum
1165 1034 1234 1104 BA
1261 1054 1313 1098 ex-

190 1139 325 1222 scripsit.
363 1137 429 1218 Quo
452 1138 484 1201 in
507 1154 597 1217 opere
620 1154 691 1200 cum
715 1136 836 1200 uideret
861 1140 977 1216 quanta
1005 1135 1133 1199 licentia
1155 1139 1186 1200 ιι
1207 1138 1312 1219 negle-

192 1241 299 1325 gentia
321 1241 478 1326 Rigaltius
501 1241 533 1305 in
556 1239 691 1304 editione
713 1239 844 1320 egisset,
879 1256 939 1302 non
972 1238 1086 1302 iniuria
1109 1239 1312 1319 proditionem

192 1342 294 1427 potius
316 1344 405 1408 illam
429 1341 642 1408 Commodiani
665 1360 758 1423 quam
782 1340 948 1405 editionem
970 1358 1034 1405 esse
1056 1341 1142 1406 dixit.

234 1448 321 1513 Haec
336 1448 425 1512 Pitra
439 1463 520 1510 anno
539 1445 624 1509 1858-
635 1443 809 1526 scripserat.
838 1443 898 1509 Sed
920 1443 1068 1509 uicesimo
1091 1447 1215 1509 demum
1232 1463 1311 1510 anno

189 1552 261 1632 post
288 1550 408 1633 prodito
436 1548 653 1615 Commodiano
682 1549 721 1612 ab
744 1548 911 1612 Ernesto
934 1549 1094 1630 Ludwig
1124 1548 1312 1613 subuentnm

190 1653 428 1736 estquidam
450 1669 564 1717 nouam
587 1648 805 1731 editionem⁹⁶)
831 1654 964 1733 pararet,
988 1653 1023 1714 ut
1043 1668 1136 1734 supra
1152 1651 1216 1716 iam
1232 1652 1310 1716 dixi·

190 1775 270 1832 mua,
303 1757 391 1822 codd.
414 1756 482 1827 BA
515 1755 613 1828 denuo
647 1753 769 1836 perlust
756 1753 919 1818 tranitet
952 1753 1174 1818 Parisinnm
1165 1755 1309 1838 unprimis

189 1860 313 1924 mantus
346 1859 511 1942 permultis
544 1858 619 1922 locis
653 1875 758 1921 ueram
793 1856 865 1921 leot
842 1859 961 1921 tranem
994 1855 1093 1921 felicit
1081 1861 1128 1920 ιιι·
1160 1858 1308 1922 restituit.

189 1961 318 2026 Idem
310 1982 342 2026 ιι
373 1961 565 2042 praefatione
599 1963 782 2044 apparatum
815 1960 1022 2024 criticumt
991 1962 1022 2024 ιι
1049 1959 1083 2023 ιι
1117 1960 1176 2024 fine
1209 1959 1310 2026 libelli

189 2063 307 2129 indices
335 2068 478 2129 accurate
505 2065 675 2146 conpositos
704 2062 833 2129 addidit.
886 2061 943 2128 Oui
970 2063 997 2127 si
1019 2061 1309 2129 chaltenhamensis

190 2185 308 2250 quoque
330 2167 444 2232 codicis
467 2168 555 2251 copia
577 2170 658 2233 esset
680 2167 770 2244 facta,
793 2167 893 2231 totam
915 2167 1040 2231 uidetur
1062 2185 1127 2230 rem
1150 2167 1309 2233 absolutu-

187 2289 240 2335 rus
262 2271 365 2335 fuisse.

367 2443 423 2513 De
447 2440 574 2512 codice
596 2411 662 2511 ms
687 2439 863 2528 carminis
886 2439 1125 2526 apologetici.

229 2579 361 2645 Carmen
385 2579 611 2662 apologeticum
633 2598 692 2643 uno
715 2579 817 2643 codice
840 2596 898 2642 ms.
916 2579 1055 2644 continet
1057 2599 1102 2664 ur,
1127 2579 1212 2662 quie
1215 2580 1425 2688 tipsecocc

185 2682 218 2747 in
247 2682 447 2748 celeberrima
474 2682 532 2746 illa
559 2680 750 2747 bibliotheca
772 2680 966 2746 Mediomont
952 2684 1027 2746 tana
1049 2682 1099 2746 uel
1122 2681 1307 2747 chaltenha-
1346 2648 1450 2690 ’Μ’

185 2786 284 2849 mensi
307 2786 457 2850 seruatur.
491 2785 584 2848 Hunc
605 2783 742 2848 codicem
765 2782 857 2866 paulo
880 2787 962 2860 ante,
986 2802 1080 2866 quam
1098 2784 1179 2868 typis
1195 2784 1307 2849 exscri-

185 2885 323 2968 beretur,
358 2905 393 2950 ex
420 2886 514 2951 Italia
539 2883 644 2967 ‘quasi
667 2903 683 2948 e
704 2887 809 2950 uetere
837 2886 967 2953 libraria
992 2882 1151 2953 Bobiensi'
1177 2887 1326 2978 allatum

186 3007 251 3054 asse
273 2990 360 3054 Pitra
387 2989 420 3054 in
448 2989 673 3073 prolegomenis
696 3009 726 3072 p.
749 2989 840 3055 XVII
862 2992 1006 3056 testatur.
1041 2990 1107 3054 Est·
1126 2991 1181 3055 ille
1207 3009 1306 3055 mem-

185 3091 366 3172 branaceus,
390 3091 530 3176 signatus
552 3110 681 3157 numero
700 3092 811 3172 12261,
828 3093 959 3167 ΪιιιιιιΙο
976 3093 1052 3158 VlII
1075 3094 1140 3158 fere
1162 3094 1306 3176 scriptus.

184 3196 222 3262 In
245 3216 279 3263 eo
301 3214 425 3261 cumen
447 3195 675 3279 apologeticum
697 3215 715 3260 a
737 3195 810 3260 folio
828 3195 903 3261 182v
925 3214 1020 3278 usque
1043 3200 1081 3262 ad
1103 3196 1215 3261 folium
1233 3197 1308 3262 197v

183 3300 279 3382 patet.
308 3299 455 3364 Extrema
475 3298 590 3383 pagina
610 3298 675 3364 situ
698 3300 729 3363 et
750 3298 844 3363 tinais
866 3300 931 3364 tam
954 3299 1036 3365 male
1058 3299 1169 3364 habita
1190 3303 1247 3384 est,
1270 3302 1307 3367 ιιι

188 3403 361 3484 scripturae
382 3400 539 3469 interdum
562 3406 617 3466 aut
639 3419 790 3484 perpauca
812 3405 866 3467 aut
889 3401 976 3466 nulla
991 3404 1149 3483 supersint
1164 3404 1305 3486 uestigia.

186 3506 386 3570 Antecedunt
408 3507 559 3587 quaedam
582 3503 750 3588 Augustini
773 3509 805 3570 et
828 3505 1009 3588 Hieronymi
1031 3506 1186 3588 opuscula.
1220 3507 1306 3572 Folio

184 3605 266 3685 182¹,
297 3610 332 3672 ut
355 3608 401 3672 ait
422 3607 525 3684 Pitra,
560 3608 636 3672 haec
658 3611 706 3672 est
727 3607 904 3689 inscriptio:
933 3605 1064 3689 ‘Incipit
1086 3609 1306 3690 argumentum

183 3708 357 3792 Augustini
380 3710 512 3793 episcopi
528 3711 566 3774 ad
581 3710 732 3794 Alypium
751 3707 958 3793 episcopum'3
982 3709 1101 3810 qeliqua
1121 3731 1193 3795 pars
1216 3712 1305 3796 pagi·

184 3830 240 3876 nae
264 3830 375 3878 uacua'
392 3816 455 3897 est3
490 3813 524 3877 in
553 3815 651 3878 altero
678 3816 784 3879 autem
807 3814 873 3879 folii
897 3815 995 3880 latere
1019 3815 1124 3898 (182')
1147 3816 1231 3882 nullo
1255 3817 1305 3882 uel

181 3914 317 3979 auctoris
340 3917 463 3980 nomine
486 3915 536 3979 uel
558 3917 705 3981 carminis
721 3917 813 3982 titulo
829 3918 945 3999 scripto
961 3917 1060 4001 ipsius
1076 3919 1224 3982 carminis
1239 3917 1303 3983 ini-

180 4018 262 4083 tium
284 4012 456 4083 inuenitur:

256 4120 331 4200 Quis
353 4121 469 4205 poterit
490 4140 586 4187 unum
609 4123 732 4205 proprie
755 4124 854 4188 Deum
879 4141 968 4189 nosse
991 4124 1145 4189 caelorum
1170 4126 1228 4190 etc.

222 4275 254 4341 ¹⁵)
272 4274 377 4344 Lipsiae
395 4275 424 4329 ia
442 4274 550 4330 aedibus
567 4274 598 4327 B.
617 4275 649 4330 G.
668 4274 805 4330 Teubneri.
823 4274 1093 4332 nncccnxxvm.

232 4378 290 4431 XV.
1183 4379 1201 4435 b
