2986 4838
1203 371 1263 418 xln

134 542 270 624 primum
287 540 369 625 typis
384 539 559 606 mandatae.
589 540 675 605 Tulli
690 542 873 610 Leucorum.
902 542 993 624 Apud
1011 541 1087 606 Sim.
1105 542 1263 625 Belgrand

136 643 224 710 tolo.
247 645 466 722 Laurentium,
491 643 710 728 Typographos
734 646 857 729 Regios
895 645 1143 712 Mmcuulx.
1182 643 1261 711 (lum

134 749 298 831 priuilegio
320 749 437 831 Regis?

177 853 221 916 lia
244 852 339 917 editio
362 868 423 934 qua
444 852 564 915 ratione
586 852 629 915 sit
650 849 815 931 instituta,
850 850 996 935 quonian
1025 851 1102 915 alias
1126 849 1189 914 iam
1212 870 1262 915 ex-

134 955 224 1039 posui
237 953 288 1036 ⁹²),
312 955 378 1019 illio
394 971 471 1036 quae
487 953 550 1019 dixi
565 953 636 1018 nolo
652 955 800 1037 repetere.
835 953 920 1018 Illud
935 956 1060 1019 tantum
1075 954 1262 1030 monuerim,

134 1061 167 1124 in
183 1058 318 1124 editione
332 1058 470 1139 principe
486 1052 613 1140 praeter
625 1058 747 1123 textum
762 1058 1006 1123 instructionum
1029 1076 1098 1122 sam
1120 1056 1263 1140 inprimis

134 1161 311 1246 appendicis
334 1162 457 1245 partem
480 1160 612 1225 alicuius
637 1179 702 1225 esse
725 1161 888 1239 momenti,
911 1178 975 1242 qua
990 1160 1096 1225 uariae
1111 1160 1262 1226 lectiones

135 1286 170 1331 er
192 1266 368 1349 apographo
392 1262 552 1329 Sirmondi
574 1264 783 1347 proferuntur.
1145 1316 1147 1320 .

178 1369 269 1432 Anno
292 1373 362 1450 post
385 1366 579 1448 publicatam
601 1365 774 1449 principem
797 1366 896 1432 altera
911 1365 1028 1447 prodiit
1043 1364 1138 1429 editio
1158 1368 1263 1431 eodem

134 1472 261 1537 bomine
286 1472 376 1536 docto
400 1474 539 1548 curante,
564 1471 650 1535 cuius
674 1471 751 1535 baec
773 1471 821 1534 est
843 1467 1022 1550 inscriptio:

177 1573 406 1639 ‘Commodiani
440 1573 665 1637 instructiones
699 1572 846 1637 aduersus
874 1570 1024 1635 Gentium
1059 1572 1150 1636 Deos.
1203 1569 1264 1634 Pro

136 1679 305 1744 christiana
329 1675 505 1760 disciplina.
544 1677 696 1758 Tempore
712 1674 859 1741 Siluestri
880 1675 916 1738 P.
932 1677 971 1740 R.
986 1677 1043 1740 sub
1061 1671 1264 1739 Constantino

137 1781 222 1846 Caes.
246 1779 445 1862 compositae.
483 1777 575 1843 Nunc
597 1781 734 1860 primum
758 1778 840 1861 typis
863 1778 1040 1843 mandatae.
1078 1777 1164 1842 Tulli
1185 1778 1265 1842 Leu-

136 1903 250 1948 corum.
296 1884 386 1963 Apud
421 1881 450 1947 S.
480 1882 636 1964 Belgrand
671 1885 702 1945 et
736 1880 761 1945 Ι.
791 1881 1010 1955 Laurentium,
1045 1881 1266 1963 Typographos

136 1986 260 2068 Regios.
296 1982 462 2050 M.DO.L.
503 1981 583 2048 Cum
605 1983 770 2067 priuilegio
793 1984 909 2066 Regis!

179 2089 295 2152 Tertus
319 2087 450 2152 alterius
473 2087 618 2151 editionis
641 2087 817 2169 aprincipe
840 2106 900 2151 non
915 2088 1021 2179 pauqis
1037 2085 1112 2152 locis
1129 2086 1266 2169 diuergit

137 2209 235 2274 neque
257 2191 362 2256 tamen
385 2190 452 2255 ideo
474 2189 586 2254 melior
607 2190 710 2255 factus
733 2191 789 2254 est.
825 2189 908 2253 Nam
931 2188 1087 2270 Rigaltius
1107 2178 1144 2254 ¹in
1167 2191 1265 2255 altera

136 2293 288 2369 editione,
320 2295 355 2357 ut
384 2293 501 2375 aliquot
532 2292 697 2357 manifesta
720 2291 866 2356 editionis
888 2291 1039 2375 principis
1062 2293 1175 2358 menda
1198 2312 1264 2357 cor·-

136 2397 231 2475 rexit,
259 2397 305 2461 ita
328 2398 435 2462 crebro
459 2398 514 2460 aut
536 2395 637 2476 ipsam
660 2395 826 2459 lectionem
848 2394 1015 2478 genuinam
1039 2397 1093 2459 aut
1115 2399 1266 2478 genuinae

136 2500 251 2565 indicia
280 2501 476 2581 praepostere
507 2498 656 2563 aboleuit.
708 2496 754 2563 cf.
787 2495 1074 2579 Sitaungsberiohte
1102 2497 1208 2563 XCVI
1235 2518 1266 2580 p.

136 2603 200 2667 455
222 2621 289 2684 sqq.

180 2705 284 2769 Editio
308 2705 406 2768 altera
429 2704 688 2768 commentarium
712 2722 833 2786 quoque
856 2703 1006 2782 continet,
1030 2722 1090 2785 quo
1114 2704 1162 2768 ed.
1179 2704 1265 2786 prin-

139 2824 208 2889 ceps
240 2807 332 2870 caret.
376 2806 413 2870 In
445 2824 479 2869 eo
511 2808 734 2870 commentario
767 2809 889 2889 praeter
919 2825 1022 2870 rerum
1046 2811 1077 2871 et
1099 2808 1266 2871 uerborum

138 2908 359 2989 explicationes
383 2908 465 2973 baud
489 2926 558 2973 raro
579 2911 684 2973 uariae
699 2909 848 2973 lectiones
865 2929 900 2974 ex
916 2910 1093 2992 apographo
1109 2907 1267 2974 Sirmondi

138 3014 429 3087 commemorantur,
454 3029 531 3091 quae
554 3010 586 3074 in
609 3010 777 3092 appendice
801 3011 948 3075 editionis
970 3011 1118 3092 principis
1141 3011 1265 3078 desunt.

180 3114 226 3177 De
264 3113 391 3195 ceteris,
430 3133 507 3196 quae
544 3115 577 3177 in
617 3116 662 3179 ed.
701 3114 800 3177 altera
837 3114 988 3178 notabilia
1025 3114 1186 3192 uidentur,
1226 3116 1264 3181 cf.

138 3217 426 3300 Sitzungsbericbte
449 3215 553 3282 XCVI
576 3235 606 3299 p.
628 3217 693 3282 460
715 3237 781 3299 sqq.

180 3322 298 3385 Harum
336 3323 468 3384 duarum
498 3321 671 3384 editionum
701 3322 902 3404 exemplaria,
942 3340 1020 3404 quae
1050 3322 1114 3387 iam
1145 3322 1266 3387 saeculo

138 3425 270 3506 septtmo
294 3424 412 3488 decimo
437 3426 565 3487 exeunte
588 3423 754 3489 admodum
777 3443 847 3488 rara
869 3424 965 3489 fuisse
982 3423 1146 3489 Gisbertus
1163 3423 1267 3507 cuper

138 3530 170 3592 in
186 3529 386 3593 Lactantiani
401 3528 477 3593 libri
494 3530 532 3592 de
546 3531 638 3593 mort.
655 3532 808 3611 persecut.
832 3549 858 3596 c.
875 3529 895 3594 2
919 3532 1056 3613 adnotat,
1078 3533 1267 3612 paucissIma

139 3651 221 3696 nunc
243 3633 416 3714 supersunt,
451 3650 510 3714 quo
535 3632 654 3697 factum
677 3637 740 3713 est,
775 3636 811 3699 ut
833 3636 870 3699 de
894 3635 1028 3699 editione
1050 3635 1191 3718 principe
1213 3637 1266 3700 diu

138 3754 283 3819 peruersa
307 3735 404 3800 fuerit
427 3735 591 3799 bominum
615 3737 777 3802 doctorum
801 3735 905 3819 opinio
917 3735 969 3822 ²³).

182 3839 229 3903 Ac
258 3838 407 3920 principis
438 3840 564 3922 quidem
599 3841 744 3905 editionis
772 3840 943 3907 Parisiis
973 3839 1048 3920 duo,
1084 3839 1267 3904 Berolini

138 3960 252 4025 unum3
276 3940 405 4005 alterius
428 3943 571 4006 editionis
595 3943 719 4025 singula
738 3943 869 4007 Parisiis
886 3947 917 4006 et
934 3942 1074 4008 Berolini
1096 3944 1129 4006 in
1152 3942 1267 4007 biblio-

138 4045 235 4108 thecis
259 4043 391 4124 publicis
415 4044 602 4127 exemplaria
626 4049 801 4111 seruantur.
829 4045 1044 4110 Berolinensia
1068 4045 1264 4127 exemplaria,

140 4177 341 4184 ...ss—

184 4213 214 4279 ῃ)
235 4214 482 4282 Sitzungsberichte
500 4214 586 4268 XCVI
605 4231 630 4282 p.
648 4216 697 4269 447
718 4230 775 4283 sqq.

181 4299 214 4364 ²³)
234 4299 302 4353 Ibid.
321 4317 345 4368 p.
364 4301 422 4354 448.
