2986 4838
542 335 683 394 Carmen
702 337 961 407 apologeticum.
979 350 984 358 ·

252 524 301 589 De
327 526 443 590 uirtute
465 543 523 590 sua
545 524 732 610 earna<liter
755 524 862 610 ua)sci
888 525 938 611 <se
962 525 1055 611 fecit)

255 673 273 713 *
427 674 444 712 rt
598 672 615 710 *
768 672 786 712 *
940 674 957 712 *
1111 676 1127 714 *

256 775 274 813 a
430 776 447 813 a
602 732 676 795 lieet
699 731 799 795 iacere
823 730 976 795 fimbriam
1000 751 1104 798 uuarn.

182 836 327 905 (nullam
349 851 419 898 earo
440 833 524 898 Deus
547 838 622 911 erat,
646 834 679 897 iu
703 852 763 916 qua
784 833 843 898 Dei
867 834 968 898 uirtus
991 835 1114 918 agebat.

184 955 243 1007 ass
259 936 349 1018 Quid,
372 936 453 1018 quod
476 937 645 1020 prophetae
669 939 794 1018 canunt,
825 936 1015 1001 inuisibilem
1039 956 1106 1003 esse
1129 938 1312 1023 uidendum,

255 1041 298 1105 Vt
321 1039 446 1104 claritas
470 1042 560 1105 tauta
582 1039 670 1104 fieret
691 1039 783 1104 horno
807 1057 928 1121 quoque
950 1057 1006 1120 pro
1029 1040 1128 1106 nobis.

292 1311 341 1367 285
360 1309 431 1363 Esai.
449 1309 491 1373 25,
510 1309 540 1373 93
558 1307 601 1375 40,
620 1309 653 1376 9,·
670 1309 711 1374 52,
732 1309 778 1375 10;
796 1309 837 1374 53,
858 1311 871 1362 l
892 1309 989 1378 aquil)
1077 1309 1126 1364 288
1144 1309 1215 1364 Esai.
1231 1311 1276 1379 40,
1293 1313 1312 1366 5

184 1397 279 1468 (Cypr.
299 1413 324 1465 p.
342 1395 384 1463 88,
402 1395 419 1448 4
437 1392 499 1460 H.);
517 1394 551 1447 cl.
571 1393 629 1450 Ich.
649 1395 672 1458 1,
692 1394 725 1447 14

183 1636 247 1692 loeo
264 1637 322 1692 iam
344 1636 440 1690 monui
463 1634 504 1698 (S.
529 1637 584 1688 107
603 1651 632 1703 p.
651 1638 732 1703 794);
755 1634 792 1688 ad
812 1635 919 1701 prioris
942 1639 1032 1688 autem
1050 1636 1144 1702 partis
1168 1638 1312 1707 calipinem

187 1725 289 1794 aliqua
306 1740 341 1778 ex
356 1728 438 1792 parte
455 1721 651 1775 illustrandam
669 1721 746 1775 liaud
763 1721 873 1774 inutilis
890 1721 957 1774 milri
969 1719 1082 1774 uidetur
1094 1721 1168 1775 locus
1182 1723 1310 1779 Tertulli-

186 1825 277 1864 aueua
294 1809 340 1877 (de
353 1825 479 1877 praescr.
498 1810 600 1863 liceret.
621 1826 643 1864 c.
663 1814 720 1873 13):
739 1812 873 1878 postremo
894 1807 1013 1861 delatum
1034 1808 1159 1868 (uerbum
1171 1832 1205 1856 =
1222 1811 1312 1876 filium

187 1896 255 1965 Dei)
277 1898 429 1965 suspiritu
448 1896 613 1965 patrisDei
632 1899 659 1949 et
679 1895 814 1949 uirtute
839 1895 867 1946 in
893 1893 1026 1960 uirginem
1051 1893 1165 1947 Mariam
1188 1897 1310 1968 (Enanp.

187 1984 256 2038 Luc.
275 1988 300 2049 1,
318 1986 373 2050 35),
401 1999 533 2036 caruem
558 1982 688 2035 iactum
713 1983 742 2035 in
766 1988 842 2034 utero
866 1981 924 2034 eius
947 1983 973 2033 et
996 1996 1028 2033 ex
1045 1997 1075 2034 aa
1093 1985 1207 2035 natum
1226 1986 1310 2037 exisse

186 2068 279 2124 Issum
296 2068 442 2124 Christum.
463 2069 562 2123 Primo
579 2071 674 2138 ipitua
693 2069 749 2122 nisi
760 2069 852 2134 fallor,
874 2067 1083 2122 Commodianus
1100 2066 1134 2120 de
1150 2068 1257 2124 Christo
1275 2088 1311 2126 ea

185 2156 294 2210 nidnte
311 2155 366 2210 Dei
382 2162 449 2210 nato
467 2157 512 2210 uel
526 2157 628 2224 potius,
653 2162 684 2210 ut
707 2161 767 2209 erat
789 2155 836 2208 ille
859 2155 1093 2221 Monarchianns,
1117 2153 1150 2207 de
1172 2156 1233 2210 Deo
1255 2173 1310 2212 sua

181 2241 277 2311 ipsine
294 2242 398 2295 uirtute
414 2243 446 2295 in
468 2242 577 2296 Christo
595 2242 673 2295 nasci
691 2257 720 2295 se
737 2241 857 2306 faciente
875 2242 937 2310 epit,
961 2239 1061 2294 tunae
1079 2255 1114 2294 ee
1130 2242 1274 2298 miraculis
1291 2261 1311 2298 a

186 2326 297 2382 Olrristo
317 2327 398 2381 editis
415 2344 501 2381 unum
519 2327 612 2381 attulit
631 2327 745 2392 (Macen.
764 2330 803 2391 14,
823 2328 881 2393 36),
898 2332 939 2391 ut,
957 2331 1094 2394 quantum
1115 2327 1147 2379 in
1165 2327 1212 2382 illa
1230 2331 1311 2384 ualu-

184 2413 253 2468 iaset
265 2414 356 2467 uirtus
366 2413 476 2480 diuina,
486 2415 608 2481 enemplo
618 2414 852 2481 comprobaretur.
867 2414 978 2467 Prioris
986 2414 1138 2466 sententiae
1149 2415 1309 2484 nouissima,

181 2501 346 2567 posterioria
363 2501 454 2566 prima
468 2515 537 2567 pars
550 2515 611 2553 cum
619 2499 734 2567 periisse
747 2498 886 2562 uideatur,
904 2500 1016 2552 maioris
1029 2499 1147 2553 lacunae
1158 2501 1311 2568 interposui

184 2587 278 2655 sipna.
317 2586 443 2640 Ceterum
458 2587 581 2653 primum
599 2601 710 2638 uersum
728 2591 873 2652 utcumque
881 2590 1008 2652 poteram
1027 2586 1165 2652 composui
1171 2605 1178 2652 ς
1195 2587 1312 2655 relipuis

182 2688 300 2727 mannan
318 2672 468 2726 admouere
489 2687 547 2725 non
564 2687 651 2725 ausus
669 2687 737 2725 sum.
757 2700 789 2710 -
808 2671 848 2723 De
866 2670 1003 2724 locatione
1021 2671 1163 2724 carnaliter
1180 2673 1255 2727 nasci
1272 2675 1310 2740 ef.

183 2774 216 2813 ss.
233 2761 288 2812 403
307 2757 465 2811 Praedictns
483 2760 524 2812 est
543 2758 616 2811 Deus
634 2758 828 2810 carnaliter
852 2759 960 2823 nasci;
988 2756 1021 2810 de
1040 2754 1125 2809 lacere
1142 2774 1169 2810 se
1187 2775 1249 2812 cum
1265 2761 1311 2814 in·

185 2843 301 2911 finitimo
319 2843 354 2909 ct.
368 2861 396 2897 u.
409 2847 470 2898 122.
489 2874 523 2885 -
535 2844 661 2899 Roenselc
675 2843 816 2907 (Berliner
832 2841 1049 2907 Woclrensalrrist
1064 2842 1090 2895 V
1100 2843 1191 2909 (1885)
1200 2861 1230 2912 p.
1242 2848 1309 2914 401)

181 2930 228 2985 ua
251 2931 338 2985 locum
362 2930 535 2985 enitendum
560 2936 664 2984 censet:
691 2930 730 2983 De
754 2930 857 2983 uirtute
881 2945 986 2981 curasse
1009 2943 1057 2981 sua
1081 2928 1149 2995 legis
1171 2929 1308 2985 fimbriam

184 3032 276 3080 amm,
304 3032 416 3084 eamque
445 3016 600 3082 opinionem
624 3013 723 3066 litteris
747 3012 784 3065 ad
805 3029 848 3065 me
870 3012 944 3064 datas
966 3012 1009 3064 ita
1025 3011 1181 3065 rationibus
1196 3013 1309 3078 firmat:

181 3101 232 3159 'In
255 3103 329 3157 diese
351 3102 476 3170 uenipen
507 3101 600 3154 Warte
626 3102 669 3168 ist,
697 3100 748 3153 nie
773 3099 817 3153 iclr
840 3098 947 3168 plante,
975 3097 1020 3151 die
1040 3113 1127 3166 panae
1143 3098 1310 3170 Errdlilunp

184 3189 257 3245 hcc.
274 3193 302 3253 8,
322 3191 385 3242 43—
393 3191 429 3242 48
442 3187 510 3240 leura
521 3185 818 3255 eusanrmenpedrdnpt,
836 3185 886 3255 rpl.
898 3184 1068 3238 namentlielr
1079 3184 1198 3238 daselbst
1213 3185 1245 3239 V.
1258 3190 1307 3240 44:

183 3276 283 3345 tetigit
304 3273 487 3336 fimbriam,
514 3276 564 3326 46:
588 3274 650 3325 noui
674 3272 842 3324 uirtutem
865 3270 898 3322 de
922 3286 964 3323 me
983 3269 1086 3334 exiisse,
1113 3273 1164 3323 47:
1181 3273 1310 3338 quemad-

184 3361 296 3416 modum
308 3359 449 3413 confestim
469 3363 591 3412 sauata
604 3353 655 3412 sit'
681 3358 755 3427 Quae
768 3357 971 3427 arpumentatio
983 3356 1041 3409 uiri
1054 3355 1202 3410 doctissimi
1213 3375 1309 3426 quam·

178 3464 268 3519 param
294 3446 370 3503 laud
397 3446 572 3500 mediocriter
598 3462 639 3498 me
666 3449 764 3511 nmuet,
791 3443 921 3497 dubitaui
947 3448 1040 3495 tamen
1066 3459 1136 3510 quae
1162 3447 1309 3512 proposuit

181 3535 315 3604 recipere,
330 3533 496 3600 praesertim
515 3548 575 3585 cum
593 3547 707 3584 uersus:
726 3530 767 3583 De
788 3532 890 3583 uirtute
910 3543 1014 3581 curasse
1032 3544 1079 3582 sua
1093 3529 1160 3597 legis
1173 3529 1309 3585 fimbriam

183 3637 268 3675 uuam
297 3619 416 3689 lepitina
450 3618 528 3686 apud
561 3616 784 3672 Commodianum
820 3631 936 3670 caesura
970 3616 1172 3682 semiquinaria
1201 3624 1309 3683 careat;

179 3708 222 3775 ef.
240 3707 379 3770 Hanssen,
406 3704 439 3758 de
463 3710 524 3757 arte
547 3705 658 3757 metrica
677 3703 811 3758 Commod.
830 3702 850 3774 ἕ
868 3706 885 3756 2
902 3719 930 3770 p.
949 3706 981 3770 7;
1011 3701 1094 3756 Willr.
1114 3701 1219 3771 Meyer,
1237 3703 1309 3758 Aba.

180 3810 213 3864 p.
230 3796 290 3848 289
358 3790 410 3845 284
429 3792 501 3843 Deus
520 3794 578 3843 erat
596 3791 633 3844 P¹
651 3791 699 3856 (cs.
717 3807 745 3845 u.
765 3792 844 3857 342);
863 3789 967 3843 deserat
984 3791 1028 3842 M
1029 3810 1036 3855 3
1060 3788 1198 3841 deseratur
1216 3782 1308 3854 (uun-

183 3879 263 3934 mehr
280 3878 348 3932 nird
366 3877 413 3931 das
432 3877 539 3931 Fleisch
557 3876 725 3929 erschlossen
748 3914 784 3942 ..‚
810 3876 835 3931 d.
859 3878 885 3927 h.
910 3875 956 3929 der
973 3874 1038 3929 Leib
1063 3874 1108 3927 der
1125 3873 1209 3926 Maria
1229 3874 1307 3928 iiber·

184 3964 306 4020 schatiet
328 3959 376 4032 ..')
395 3965 442 4017 uel
460 3963 506 4016 sed
525 3967 583 4015 erat
602 3963 658 4027 am
679 3962 775 4016 uerbus
794 3964 852 4015 erat
871 3963 910 4030 (in
928 3963 1001 4031 quo)
1026 3960 1071 4014 uel
1090 3958 1204 4012 desierat
1223 3960 1308 4026 (idem

180 4050 236 4117 1²⁸)
254 4050 300 4104 uel
317 4050 440 4104 decuerat
458 4051 502 4117 (=
522 4049 693 4116 desueuerat)
712 4047 753 4113 R;
771 4047 943 4101 descenderat
961 4047 1007 4101 Ld
1094 4059 1142 4112 age
1161 4043 1209 4097 bat
1228 4046 1306 4112 (sici)

183 4141 229 4195 M
300 4137 352 4192 ast
369 4154 424 4206 sqq.
444 4137 549 4205 agebat,
570 4135 650 4203 (Quid
673 4173 697 4188 ..
716 4134 859 4188 uidendum
866 4134 890 4201 2)
909 4134 974 4188 Vtu
1042 4131 1093 4185 288
1106 4129 1216 4183 claritas
1229 4133 1309 4185 tauta

181 4226 227 4291 1c3
247 4224 363 4279 charitas
382 4225 491 4291 (caritas
511 4222 566 4288 Ld)
587 4226 664 4274 tanta
682 4221 833 4287 P²P³Ld3
852 4219 979 4274 alacritas
998 4222 1076 4271 tauto
1095 4219 1138 4270 M
1141 4217 1177 4270 Ρι
