<?xml version="1.0" encoding="UTF-8"?>
<!DOCTYPE html PUBLIC "-//W3C//DTD XHTML 1.0 Transitional//EN"
    "http://www.w3.org/TR/xhtml1/DTD/xhtml1-transitional.dtd">
<html xmlns="http://www.w3.org/1999/xhtml" xml:lang="en" lang="en">
 <head>
  <title>
</title>
<meta http-equiv="Content-Type" content="text/html;charset=utf-8" />
  <meta name='ocr-system' content='tesseract 3.04.00' />
  <meta name='ocr-capabilities' content='ocr_page ocr_carea ocr_par ocr_line ocrx_word'/>
</head>
<body>
  <div class='ocr_page' id='page_1' title='image "./commodianicarmi00commgoog_0022.png"; bbox 0 0 2986 4838; ppageno 0'>
   <div class='ocr_carea' id='block_1_1' title="bbox 204 344 279 391">
    <p class='ocr_par' dir='ltr' id='par_1_1' title="bbox 204 344 279 391">
     <span class='ocr_line' id='line_1_1' title="bbox 204 344 279 391; baseline 0.027 -3"><span class='ocrx_word' id='word_1_1' title='bbox 204 344 279 391; x_wconf 80' lang='lat' dir='ltr'>XIIII</span> 
     </span>
    </p>
   </div>
   <div class='ocr_carea' id='block_1_2' title="bbox 177 512 1336 1627">
    <p class='ocr_par' dir='ltr' id='par_1_2' title="bbox 177 512 1336 1627">
     <span class='ocr_line' id='line_1_2' title="bbox 205 512 1334 597; baseline 0.007 -20"><span class='ocrx_word' id='word_1_2' title='bbox 205 531 282 597; x_wconf 86' lang='lat' dir='ltr'>quae</span> <span class='ocrx_word' id='word_1_3' title='bbox 303 512 369 596; x_wconf 90' lang='lat' dir='ltr'>ipse</span> <span class='ocrx_word' id='word_1_4' title='bbox 391 513 563 582; x_wconf 78' lang='lat' dir='ltr'><strong>identidem</strong></span> <span class='ocrx_word' id='word_1_5' title='bbox 585 514 663 578; x_wconf 90' lang='lat' dir='ltr'>meis</span> <span class='ocrx_word' id='word_1_6' title='bbox 686 513 783 580; x_wconf 91' lang='lat' dir='ltr'>oculis</span> <span class='ocrx_word' id='word_1_7' title='bbox 807 515 956 595; x_wconf 83' lang='lat' dir='ltr'>lustrari,</span> <span class='ocrx_word' id='word_1_8' title='bbox 993 535 1054 583; x_wconf 93' lang='lat' dir='ltr'>uno</span> <span class='ocrx_word' id='word_1_9' title='bbox 1077 517 1234 584; x_wconf 89' lang='lat' dir='ltr'>uolumine</span> <span class='ocrx_word' id='word_1_10' title='bbox 1258 537 1334 585; x_wconf 92' lang='lat' dir='ltr'>con·</span> 
     </span>
     <span class='ocr_line' id='line_1_3' title="bbox 206 615 1333 704; baseline 0.006 -24"><span class='ocrx_word' id='word_1_11' title='bbox 206 615 346 681; x_wconf 91' lang='lat' dir='ltr'>tinentur</span> <span class='ocrx_word' id='word_1_12' title='bbox 375 616 458 681; x_wconf 91' lang='lat' dir='ltr'>hunc</span> <span class='ocrx_word' id='word_1_13' title='bbox 487 617 520 681; x_wconf 95' lang='lat' dir='ltr'>in</span> <span class='ocrx_word' id='word_1_14' title='bbox 551 617 678 682; x_wconf 93' lang='lat' dir='ltr'>modum</span> <span class='ocrx_word' id='word_1_15' title='bbox 709 617 873 700; x_wconf 86' lang='lat' dir='ltr'>insignito:</span> <span class='ocrx_word' id='word_1_16' title='bbox 902 617 1001 683; x_wconf 79' lang='lat' dir='ltr'>‘libr</span> <span class='ocrx_word' id='word_1_17' title='bbox 1025 620 1103 704; x_wconf 91' lang='lat' dir='ltr'>inpr.</span> <span class='ocrx_word' id='word_1_18' title='bbox 1121 640 1147 686; x_wconf 90' lang='lat' dir='ltr'>c.</span> <span class='ocrx_word' id='word_1_19' title='bbox 1169 622 1235 686; x_wconf 94' lang='lat' dir='ltr'>not.</span> <span class='ocrx_word' id='word_1_20' title='bbox 1259 642 1333 688; x_wconf 91' lang='lat' dir='ltr'>mss.</span> 
     </span>
     <span class='ocr_line' id='line_1_4' title="bbox 207 715 1332 802; baseline 0.007 -20"><span class='ocrx_word' id='word_1_21' title='bbox 207 718 315 799; x_wconf 82' lang='lat' dir='ltr'><strong>Quart.</strong></span> <span class='ocrx_word' id='word_1_22' title='bbox 330 715 391 783; x_wconf 78' lang='lat'>49?</span> <span class='ocrx_word' id='word_1_23' title='bbox 415 718 453 783; x_wconf 93' lang='lat' dir='ltr'>In</span> <span class='ocrx_word' id='word_1_24' title='bbox 470 717 526 784; x_wconf 91' lang='lat' dir='ltr'>hoc</span> <span class='ocrx_word' id='word_1_25' title='bbox 549 719 717 798; x_wconf 90' lang='lat' dir='ltr'>uolumine,</span> <span class='ocrx_word' id='word_1_26' title='bbox 741 721 823 802; x_wconf 96' lang='lat' dir='ltr'>quod</span> <span class='ocrx_word' id='word_1_27' title='bbox 847 721 924 785; x_wconf 91' lang='lat' dir='ltr'>olim</span> <span class='ocrx_word' id='word_1_28' title='bbox 946 720 1009 785; x_wconf 88' lang='lat' dir='ltr'>fuit</span> <span class='ocrx_word' id='word_1_29' title='bbox 1030 723 1063 786; x_wconf 95' lang='lat' dir='ltr'>in</span> <span class='ocrx_word' id='word_1_30' title='bbox 1085 742 1215 789; x_wconf 92' lang='lat' dir='ltr'>numero</span> <span class='ocrx_word' id='word_1_31' title='bbox 1237 724 1332 791; x_wconf 88' lang='lat' dir='ltr'>libro·</span> 
     </span>
     <span class='ocr_line' id='line_1_5' title="bbox 206 820 1333 906; baseline 0.005 -21"><span class='ocrx_word' id='word_1_32' title='bbox 206 841 277 886; x_wconf 92' lang='lat' dir='ltr'>rum</span> <span class='ocrx_word' id='word_1_33' title='bbox 306 820 529 886; x_wconf 77' lang='lat' dir='ltr'>Ezechielis</span> <span class='ocrx_word' id='word_1_34' title='bbox 552 822 782 904; x_wconf 75' lang='lat' dir='ltr'><strong>spanhem,</strong></span> <span class='ocrx_word' id='word_1_35' title='bbox 816 822 959 888; x_wconf 75' lang='lat' dir='ltr'>editionis</span> <span class='ocrx_word' id='word_1_36' title='bbox 989 823 1140 906; x_wconf 89' lang='lat' dir='ltr'>principis</span> <span class='ocrx_word' id='word_1_37' title='bbox 1164 825 1277 891; x_wconf 89' lang='lat' dir='ltr'>titulus</span> <span class='ocrx_word' id='word_1_38' title='bbox 1302 829 1333 891; x_wconf 93' lang='lat' dir='ltr'>et</span> 
     </span>
     <span class='ocr_line' id='line_1_6' title="bbox 206 916 1334 1010; baseline 0.004 -22"><span class='ocrx_word' id='word_1_39' title='bbox 206 923 359 1009; x_wconf 87' lang='lat' dir='ltr'>praefatio</span> <span class='ocrx_word' id='word_1_40' title='bbox 383 924 414 989; x_wconf 94' lang='lat' dir='ltr'>et</span> <span class='ocrx_word' id='word_1_41' title='bbox 436 916 544 1002; x_wconf 83' lang='lat' dir='ltr'>index,</span> <span class='ocrx_word' id='word_1_42' title='bbox 578 941 638 1007; x_wconf 93' lang='lat' dir='ltr'>quo</span> <span class='ocrx_word' id='word_1_43' title='bbox 668 923 807 1006; x_wconf 87' lang='lat' dir='ltr'>capitula</span> <span class='ocrx_word' id='word_1_44' title='bbox 836 926 1079 992; x_wconf 89' lang='lat' dir='ltr'>instructionum</span> <span class='ocrx_word' id='word_1_45' title='bbox 1102 933 1334 1010; x_wconf 87' lang='lat' dir='ltr'>enumerantur,</span> 
     </span>
     <span class='ocr_line' id='line_1_7' title="bbox 208 1026 1334 1110; baseline 0.004 -18"><span class='ocrx_word' id='word_1_46' title='bbox 208 1026 334 1105; x_wconf 82' lang='lat' dir='ltr'>desunt3</span> <span class='ocrx_word' id='word_1_47' title='bbox 368 1030 472 1091; x_wconf 87' lang='lat' dir='ltr'>cetera</span> <span class='ocrx_word' id='word_1_48' title='bbox 509 1026 556 1090; x_wconf 89' lang='lat' dir='ltr'>ita</span> <span class='ocrx_word' id='word_1_49' title='bbox 592 1030 665 1090; x_wconf 92' lang='lat' dir='ltr'>suut</span> <span class='ocrx_word' id='word_1_50' title='bbox 694 1029 869 1110; x_wconf 87' lang='lat' dir='ltr'>conposita:</span> <span class='ocrx_word' id='word_1_51' title='bbox 904 1030 1155 1095; x_wconf 90' lang='lat' dir='ltr'>Praemittuntur</span> <span class='ocrx_word' id='word_1_52' title='bbox 1186 1031 1334 1096; x_wconf 81' lang='lat' dir='ltr'>editionis</span> 
     </span>
     <span class='ocr_line' id='line_1_8' title="bbox 208 1128 1335 1217; baseline 0.005 -23"><span class='ocrx_word' id='word_1_53' title='bbox 208 1129 336 1194; x_wconf 90' lang='lat' dir='ltr'>alterius</span> <span class='ocrx_word' id='word_1_54' title='bbox 366 1128 480 1194; x_wconf 89' lang='lat' dir='ltr'>titulus</span> <span class='ocrx_word' id='word_1_55' title='bbox 510 1130 541 1194; x_wconf 89' lang='lat' dir='ltr'>et</span> <span class='ocrx_word' id='word_1_56' title='bbox 571 1128 741 1212; x_wconf 88' lang='lat' dir='ltr'>praefatio;</span> <span class='ocrx_word' id='word_1_57' title='bbox 779 1131 979 1214; x_wconf 78' lang='lat' dir='ltr'>subsequitur</span> <span class='ocrx_word' id='word_1_58' title='bbox 1008 1133 1154 1197; x_wconf 87' lang='lat' dir='ltr'>editionis</span> <span class='ocrx_word' id='word_1_59' title='bbox 1184 1135 1335 1217; x_wconf 91' lang='lat' dir='ltr'>principis</span> 
     </span>
     <span class='ocr_line' id='line_1_9' title="bbox 208 1229 1335 1320; baseline 0.006 -24"><span class='ocrx_word' id='word_1_60' title='bbox 208 1236 311 1297; x_wconf 90' lang='lat' dir='ltr'>textus</span> <span class='ocrx_word' id='word_1_61' title='bbox 333 1252 404 1298; x_wconf 90' lang='lat' dir='ltr'>cum</span> <span class='ocrx_word' id='word_1_62' title='bbox 426 1229 609 1316; x_wconf 82' lang='lat' dir='ltr'>appendice3</span> <span class='ocrx_word' id='word_1_63' title='bbox 635 1233 784 1298; x_wconf 91' lang='lat' dir='ltr'>claudunt</span> <span class='ocrx_word' id='word_1_64' title='bbox 808 1252 919 1318; x_wconf 91' lang='lat' dir='ltr'>agmen</span> <span class='ocrx_word' id='word_1_65' title='bbox 941 1236 1078 1320; x_wconf 88' lang='lat' dir='ltr'>reliquae</span> <span class='ocrx_word' id='word_1_66' title='bbox 1092 1236 1238 1302; x_wconf 88' lang='lat' dir='ltr'>editionis</span> <span class='ocrx_word' id='word_1_67' title='bbox 1254 1238 1335 1303; x_wconf 89' lang='lat' dir='ltr'>alte·</span> 
     </span>
     <span class='ocr_line' id='line_1_10' title="bbox 177 1336 1335 1422; baseline 0.005 -24"><span class='ocrx_word' id='word_1_68' title='bbox 177 1407 179 1413; x_wconf 92' lang='lat'>.</span> <span class='ocrx_word' id='word_1_69' title='bbox 209 1336 274 1399; x_wconf 90' lang='lat' dir='ltr'>rius</span> <span class='ocrx_word' id='word_1_70' title='bbox 289 1338 402 1418; x_wconf 89' lang='lat' dir='ltr'>partes.</span> <span class='ocrx_word' id='word_1_71' title='bbox 435 1336 596 1401; x_wconf 88' lang='lat' dir='ltr'>Accedunt</span> <span class='ocrx_word' id='word_1_72' title='bbox 619 1341 724 1401; x_wconf 89' lang='lat' dir='ltr'>autem</span> <span class='ocrx_word' id='word_1_73' title='bbox 747 1336 786 1402; x_wconf 91' lang='lat' dir='ltr'>ad</span> <span class='ocrx_word' id='word_1_74' title='bbox 809 1355 854 1417; x_wconf 89' lang='lat' dir='ltr'>ea,</span> <span class='ocrx_word' id='word_1_75' title='bbox 879 1357 957 1421; x_wconf 91' lang='lat' dir='ltr'>quae</span> <span class='ocrx_word' id='word_1_76' title='bbox 979 1340 1062 1421; x_wconf 85' lang='lat' dir='ltr'>typis</span> <span class='ocrx_word' id='word_1_77' title='bbox 1086 1341 1160 1404; x_wconf 90' lang='lat' dir='ltr'>sunt</span> <span class='ocrx_word' id='word_1_78' title='bbox 1181 1342 1335 1422; x_wconf 90' lang='lat' dir='ltr'>inpressa,</span> 
     </span>
     <span class='ocr_line' id='line_1_11' title="bbox 209 1438 1336 1525; baseline 0.004 -23"><span class='ocrx_word' id='word_1_79' title='bbox 209 1438 484 1504; x_wconf 81' lang='lat' dir='ltr'>commentationes</span> <span class='ocrx_word' id='word_1_80' title='bbox 500 1442 530 1503; x_wconf 87' lang='lat' dir='ltr'>et</span> <span class='ocrx_word' id='word_1_81' title='bbox 550 1439 766 1506; x_wconf 78' lang='lat' dir='ltr'>adnotatIones</span> <span class='ocrx_word' id='word_1_82' title='bbox 789 1442 941 1522; x_wconf 82' lang='lat' dir='ltr'>quaedam</span> <span class='ocrx_word' id='word_1_83' title='bbox 970 1443 1002 1507; x_wconf 91' lang='lat' dir='ltr'>in</span> <span class='ocrx_word' id='word_1_84' title='bbox 1025 1443 1223 1525; x_wconf 83' lang='lat' dir='ltr'>conpluribus</span> <span class='ocrx_word' id='word_1_85' title='bbox 1250 1443 1336 1508; x_wconf 88' lang='lat' dir='ltr'>foliis</span> 
     </span>
     <span class='ocr_line' id='line_1_12' title="bbox 210 1541 1336 1627; baseline 0.004 -21"><span class='ocrx_word' id='word_1_86' title='bbox 210 1541 290 1607; x_wconf 89' lang='lat' dir='ltr'>albis</span> <span class='ocrx_word' id='word_1_87' title='bbox 313 1541 519 1624; x_wconf 89' lang='lat' dir='ltr'>adglutinatis</span> <span class='ocrx_word' id='word_1_88' title='bbox 542 1543 639 1624; x_wconf 90' lang='lat' dir='ltr'>ipsius</span> <span class='ocrx_word' id='word_1_89' title='bbox 661 1542 793 1626; x_wconf 89' lang='lat' dir='ltr'>Rigaltii</span> <span class='ocrx_word' id='word_1_90' title='bbox 821 1563 916 1608; x_wconf 92' lang='lat' dir='ltr'>manu</span> <span class='ocrx_word' id='word_1_91' title='bbox 945 1544 1105 1627; x_wconf 84' lang='lat' dir='ltr'>eleganter</span> <span class='ocrx_word' id='word_1_92' title='bbox 1134 1547 1336 1627; x_wconf 89' lang='lat' dir='ltr'>conscriptae.</span> 
     </span>
    </p>
   </div>
   <div class='ocr_carea' id='block_1_3' title="bbox 210 1642 1337 1828">
    <p class='ocr_par' dir='ltr' id='par_1_3' title="bbox 210 1642 1337 1828">
     <span class='ocr_line' id='line_1_13' title="bbox 210 1642 1337 1727; baseline 0.004 -19"><span class='ocrx_word' id='word_1_93' title='bbox 210 1643 429 1710; x_wconf 88' lang='lat' dir='ltr'>Praemittitur</span> <span class='ocrx_word' id='word_1_94' title='bbox 450 1644 631 1727; x_wconf 90' lang='lat' dir='ltr'>inscriptio:</span> <span class='ocrx_word' id='word_1_95' title='bbox 670 1642 784 1710; x_wconf 79' lang='lat' dir='ltr'>‘Carae</span> <span class='ocrx_word' id='word_1_96' title='bbox 806 1646 850 1710; x_wconf 82' lang='lat' dir='ltr'>ad</span> <span class='ocrx_word' id='word_1_97' title='bbox 873 1643 1134 1712; x_wconf 77' lang='lat' dir='ltr'>Commodianam</span> <span class='ocrx_word' id='word_1_98' title='bbox 1155 1647 1337 1726; x_wconf 81' lang='lat' dir='ltr'>secamdcc&#39;;</span> 
     </span>
     <span class='ocr_line' id='line_1_14' title="bbox 212 1746 629 1828; baseline 0.005 -18"><span class='ocrx_word' id='word_1_99' title='bbox 212 1746 322 1810; x_wconf 90' lang='lat' dir='ltr'>deinde</span> <span class='ocrx_word' id='word_1_100' title='bbox 343 1746 418 1810; x_wconf 89' lang='lat' dir='ltr'>haec</span> <span class='ocrx_word' id='word_1_101' title='bbox 440 1749 629 1828; x_wconf 87' lang='lat' dir='ltr'>sequuntur:</span> 
     </span>
    </p>
   </div>
   <div class='ocr_carea' id='block_1_4' title="bbox 298 1845 1252 2244">
    <p class='ocr_par' dir='ltr' id='par_1_4' title="bbox 298 1845 1252 2244">
     <span class='ocr_line' id='line_1_15' title="bbox 394 1845 864 1916; baseline 0.004 -3"><span class='ocrx_word' id='word_1_102' title='bbox 394 1845 594 1913; x_wconf 79' lang='lat' dir='ltr'>‘Obseroctio</span> <span class='ocrx_word' id='word_1_103' title='bbox 617 1849 659 1913; x_wconf 87' lang='lat' dir='ltr'>ad</span> <span class='ocrx_word' id='word_1_104' title='bbox 681 1849 782 1916; x_wconf 83' lang='lat' dir='ltr'>Iastr.</span> <span class='ocrx_word' id='word_1_105' title='bbox 806 1849 864 1915; x_wconf 87' lang='lat' dir='ltr'>VI.</span> 
     </span>
     <span class='ocr_line' id='line_1_16' title="bbox 723 1951 1063 2020; baseline 0.006 -3"><span class='ocrx_word' id='word_1_106' title='bbox 723 1973 781 2018; x_wconf 82' lang='lat' dir='ltr'>cor</span> <span class='ocrx_word' id='word_1_107' title='bbox 802 1954 900 2018; x_wconf 83' lang='lat' dir='ltr'>camis</span> <span class='ocrx_word' id='word_1_108' title='bbox 921 1951 1063 2020; x_wconf 79' lang='lat' dir='ltr'>doceatis</span> 
     </span>
     <span class='ocr_line' id='line_1_17' title="bbox 400 2053 715 2137; baseline 0.006 -19"><span class='ocrx_word' id='word_1_109' title='bbox 400 2053 525 2119; x_wconf 76' lang='lat' dir='ltr'>Fecistis</span> <span class='ocrx_word' id='word_1_110' title='bbox 547 2056 715 2137; x_wconf 74' lang='lat' dir='ltr'>imfcates?</span> 
     </span>
     <span class='ocr_line' id='line_1_18' title="bbox 298 2156 1252 2244; baseline 0.007 -23"><span class='ocrx_word' id='word_1_111' title='bbox 298 2157 385 2222; x_wconf 79' lang='lat' dir='ltr'>Huic</span> <span class='ocrx_word' id='word_1_112' title='bbox 401 2159 560 2240; x_wconf 74' lang='lat' dir='ltr'>permotio</span> <span class='ocrx_word' id='word_1_113' title='bbox 585 2156 832 2224; x_wconf 77' lang='lat' dir='ltr'>Commodianus</span> <span class='ocrx_word' id='word_1_114' title='bbox 855 2157 1012 2240; x_wconf 78' lang='lat' dir='ltr'>impressit</span> <span class='ocrx_word' id='word_1_115' title='bbox 1033 2161 1176 2244; x_wconf 80' lang='lat' dir='ltr'>mestipic&#39;</span> <span class='ocrx_word' id='word_1_116' title='bbox 1195 2163 1252 2229; x_wconf 88' lang='lat' dir='ltr'>etc.</span> 
     </span>
    </p>
   </div>
   <div class='ocr_carea' id='block_1_5' title="bbox 214 2278 1345 3707">
    <p class='ocr_par' dir='ltr' id='par_1_5' title="bbox 214 2278 1339 2573">
     <span class='ocr_line' id='line_1_19' title="bbox 214 2278 1339 2364; baseline -0.002 -17"><span class='ocrx_word' id='word_1_117' title='bbox 214 2280 293 2348; x_wconf 87' lang='lat' dir='ltr'>Sunt</span> <span class='ocrx_word' id='word_1_118' title='bbox 315 2281 392 2346; x_wconf 88' lang='lat' dir='ltr'>haec</span> <span class='ocrx_word' id='word_1_119' title='bbox 414 2278 529 2364; x_wconf 88' lang='lat' dir='ltr'>eadem,</span> <span class='ocrx_word' id='word_1_120' title='bbox 554 2298 633 2362; x_wconf 88' lang='lat' dir='ltr'>quae</span> <span class='ocrx_word' id='word_1_121' title='bbox 655 2281 858 2346; x_wconf 89' lang='lat' dir='ltr'>Henricus</span> <span class='ocrx_word' id='word_1_122' title='bbox 881 2280 1020 2346; x_wconf 79' lang='lat' dir='ltr'>Leonta</span> <span class='ocrx_word' id='word_1_123' title='bbox 1043 2279 1339 2348; x_wconf 83' lang='lat' dir='ltr'>Schurzfleisch</span> 
     </span>
     <span class='ocr_line' id='line_1_20' title="bbox 214 2383 1338 2470; baseline -0.004 -17"><span class='ocrx_word' id='word_1_124' title='bbox 214 2387 393 2453; x_wconf 78' lang='lat' dir='ltr'>ann01709</span> <span class='ocrx_word' id='word_1_125' title='bbox 415 2386 448 2450; x_wconf 94' lang='lat' dir='ltr'>in</span> <span class='ocrx_word' id='word_1_126' title='bbox 470 2384 694 2470; x_wconf 89' lang='lat' dir='ltr'>supplementis</span> <span class='ocrx_word' id='word_1_127' title='bbox 717 2386 781 2450; x_wconf 90' lang='lat' dir='ltr'>suis</span> <span class='ocrx_word' id='word_1_128' title='bbox 803 2383 890 2466; x_wconf 88' lang='lat' dir='ltr'>prelo</span> <span class='ocrx_word' id='word_1_129' title='bbox 905 2384 1080 2451; x_wconf 89' lang='lat' dir='ltr'>mandauit.</span> <span class='ocrx_word' id='word_1_130' title='bbox 1111 2384 1158 2450; x_wconf 84' lang='lat' dir='ltr'>cf.</span> <span class='ocrx_word' id='word_1_131' title='bbox 1174 2384 1338 2467; x_wconf 83' lang='lat' dir='ltr'>Sitnungs-</span> 
     </span>
     <span class='ocr_line' id='line_1_21' title="bbox 214 2489 707 2573; baseline -0.012 -17"><span class='ocrx_word' id='word_1_132' title='bbox 214 2491 353 2556; x_wconf 89' lang='lat' dir='ltr'>berichte</span> <span class='ocrx_word' id='word_1_133' title='bbox 374 2489 477 2556; x_wconf 77' lang='lat' dir='ltr'>XCVI</span> <span class='ocrx_word' id='word_1_134' title='bbox 499 2510 529 2573; x_wconf 90' lang='lat' dir='ltr'>p.</span> <span class='ocrx_word' id='word_1_135' title='bbox 552 2489 617 2554; x_wconf 86' lang='grc'>466</span> <span class='ocrx_word' id='word_1_136' title='bbox 640 2506 707 2571; x_wconf 89' lang='lat' dir='ltr'>sqq.</span> 
     </span>
    </p>

    <p class='ocr_par' dir='ltr' id='par_1_6' title="bbox 216 2589 1345 3707">
     <span class='ocr_line' id='line_1_22' title="bbox 258 2589 1341 2672; baseline -0.002 -14"><span class='ocrx_word' id='word_1_137' title='bbox 258 2595 297 2658; x_wconf 92' lang='lat' dir='ltr'>In</span> <span class='ocrx_word' id='word_1_138' title='bbox 323 2594 513 2659; x_wconf 88' lang='lat' dir='ltr'>bibliotheca</span> <span class='ocrx_word' id='word_1_139' title='bbox 542 2591 691 2657; x_wconf 87' lang='lat' dir='ltr'>nationali</span> <span class='ocrx_word' id='word_1_140' title='bbox 713 2589 870 2665; x_wconf 79' lang='lat' dir='ltr'>Parisino,</span> <span class='ocrx_word' id='word_1_141' title='bbox 904 2592 941 2655; x_wconf 92' lang='lat' dir='ltr'>ut</span> <span class='ocrx_word' id='word_1_142' title='bbox 971 2607 1064 2672; x_wconf 89' lang='lat' dir='ltr'>supra</span> <span class='ocrx_word' id='word_1_143' title='bbox 1093 2590 1242 2671; x_wconf 84' lang='lat' dir='ltr'>diximus,</span> <span class='ocrx_word' id='word_1_144' title='bbox 1275 2589 1341 2656; x_wconf 86' lang='lat' dir='ltr'>tria</span> 
     </span>
     <span class='ocr_line' id='line_1_23' title="bbox 216 2693 1341 2779; baseline -0.005 -16"><span class='ocrx_word' id='word_1_145' title='bbox 216 2698 420 2764; x_wconf 89' lang='lat' dir='ltr'>inueniuntur</span> <span class='ocrx_word' id='word_1_146' title='bbox 451 2697 622 2763; x_wconf 90' lang='lat' dir='ltr'>editionum</span> <span class='ocrx_word' id='word_1_147' title='bbox 648 2693 901 2779; x_wconf 86' lang='lat' dir='ltr'>Rigaltianarnm</span> <span class='ocrx_word' id='word_1_148' title='bbox 931 2693 1134 2776; x_wconf 80' lang='lat' dir='ltr'>exemplaria,</span> <span class='ocrx_word' id='word_1_149' title='bbox 1165 2695 1226 2758; x_wconf 93' lang='lat' dir='ltr'>duo</span> <span class='ocrx_word' id='word_1_150' title='bbox 1255 2696 1341 2776; x_wconf 93' lang='lat' dir='ltr'>prin·</span> 
     </span>
     <span class='ocr_line' id='line_1_24' title="bbox 217 2795 1341 2886; baseline -0.005 -20"><span class='ocrx_word' id='word_1_151' title='bbox 217 2802 306 2886; x_wconf 78' lang='lat' dir='ltr'>cipio,</span> <span class='ocrx_word' id='word_1_152' title='bbox 329 2820 425 2866; x_wconf 92' lang='lat' dir='ltr'>unum</span> <span class='ocrx_word' id='word_1_153' title='bbox 449 2799 576 2865; x_wconf 88' lang='lat' dir='ltr'>alterius</span> <span class='ocrx_word' id='word_1_154' title='bbox 599 2797 753 2864; x_wconf 89' lang='lat' dir='ltr'>editionis.</span> <span class='ocrx_word' id='word_1_155' title='bbox 792 2796 833 2860; x_wconf 82' lang='lat' dir='ltr'>ltt</span> <span class='ocrx_word' id='word_1_156' title='bbox 855 2797 989 2862; x_wconf 85' lang='lat' dir='ltr'>altorum</span> <span class='ocrx_word' id='word_1_157' title='bbox 1016 2795 1160 2862; x_wconf 86' lang='lat' dir='ltr'>editionis</span> <span class='ocrx_word' id='word_1_158' title='bbox 1189 2796 1341 2879; x_wconf 91' lang='lat' dir='ltr'>principis</span> 
     </span>
     <span class='ocr_line' id='line_1_25' title="bbox 217 2895 1343 2987; baseline -0.009 -15"><span class='ocrx_word' id='word_1_159' title='bbox 217 2903 382 2987; x_wconf 87' lang='lat' dir='ltr'>exemplar,</span> <span class='ocrx_word' id='word_1_160' title='bbox 406 2904 487 2985; x_wconf 92' lang='lat' dir='ltr'>quod</span> <span class='ocrx_word' id='word_1_161' title='bbox 509 2903 554 2968; x_wconf 91' lang='lat' dir='ltr'>sic</span> <span class='ocrx_word' id='word_1_162' title='bbox 577 2901 762 2984; x_wconf 83' lang='lat' dir='ltr'>insignitur:</span> <span class='ocrx_word' id='word_1_163' title='bbox 781 2897 974 2965; x_wconf 80' lang='lat' dir='ltr'>‘quentaire</span> <span class='ocrx_word' id='word_1_164' title='bbox 1001 2913 1021 2968; x_wconf 85' lang='lat' dir='ltr'>c</span> <span class='ocrx_word' id='word_1_165' title='bbox 1043 2897 1127 2964; x_wconf 87' lang='grc'><strong>1640</strong></span> <span class='ocrx_word' id='word_1_166' title='bbox 1148 2895 1172 2962; x_wconf 83' lang='grc'><strong>6</strong></span> <span class='ocrx_word' id='word_1_167' title='bbox 1194 2898 1256 2964; x_wconf 79' lang='grc'>597</span> <span class='ocrx_word' id='word_1_168' title='bbox 1279 2897 1343 2964; x_wconf 80' lang='lat' dir='ltr'>Re-</span> 
     </span>
     <span class='ocr_line' id='line_1_26' title="bbox 218 3001 1342 3092; baseline -0.008 -17"><span class='ocrx_word' id='word_1_169' title='bbox 218 3028 306 3075; x_wconf 87' lang='lat' dir='ltr'>serue</span> <span class='ocrx_word' id='word_1_170' title='bbox 322 3008 368 3091; x_wconf 85' lang='lat' dir='ltr'>(in</span> <span class='ocrx_word' id='word_1_171' title='bbox 382 3003 456 3092; x_wconf 84' lang='lat'>4⁰)’‚</span> <span class='ocrx_word' id='word_1_172' title='bbox 479 3007 602 3088; x_wconf 88' lang='lat' dir='ltr'>praeter</span> <span class='ocrx_word' id='word_1_173' title='bbox 622 3005 744 3070; x_wconf 88' lang='lat' dir='ltr'>textum</span> <span class='ocrx_word' id='word_1_174' title='bbox 765 3003 848 3086; x_wconf 84' lang='lat' dir='ltr'>typis</span> <span class='ocrx_word' id='word_1_175' title='bbox 871 3001 1061 3084; x_wconf 88' lang='lat' dir='ltr'>exscriptum</span> <span class='ocrx_word' id='word_1_176' title='bbox 1084 3003 1342 3067; x_wconf 89' lang='lat' dir='ltr'>commentarium</span> 
     </span>
     <span class='ocr_line' id='line_1_27' title="bbox 220 3104 1343 3193; baseline -0.009 -14"><span class='ocrx_word' id='word_1_177' title='bbox 220 3114 368 3190; x_wconf 85' lang='lat' dir='ltr'>continet,</span> <span class='ocrx_word' id='word_1_178' title='bbox 392 3129 483 3193; x_wconf 88' lang='lat' dir='ltr'>quem</span> <span class='ocrx_word' id='word_1_179' title='bbox 498 3109 658 3192; x_wconf 87' lang='lat' dir='ltr'>Rigaltius</span> <span class='ocrx_word' id='word_1_180' title='bbox 673 3109 706 3173; x_wconf 89' lang='lat' dir='ltr'>in</span> <span class='ocrx_word' id='word_1_181' title='bbox 728 3107 812 3173; x_wconf 84' lang='lat' dir='ltr'>foliis</span> <span class='ocrx_word' id='word_1_182' title='bbox 835 3106 915 3172; x_wconf 89' lang='lat' dir='ltr'>albis</span> <span class='ocrx_word' id='word_1_183' title='bbox 939 3104 1108 3188; x_wconf 85' lang='lat' dir='ltr'>bibliopegi</span> <span class='ocrx_word' id='word_1_184' title='bbox 1130 3124 1224 3188; x_wconf 87' lang='lat' dir='ltr'>opera</span> <span class='ocrx_word' id='word_1_185' title='bbox 1244 3105 1343 3170; x_wconf 93' lang='lat' dir='ltr'>inter-</span> 
     </span>
     <span class='ocr_line' id='line_1_28' title="bbox 218 3205 1343 3295; baseline -0.01 -14"><span class='ocrx_word' id='word_1_186' title='bbox 218 3216 307 3281; x_wconf 88' lang='lat' dir='ltr'>iectis</span> <span class='ocrx_word' id='word_1_187' title='bbox 329 3216 520 3295; x_wconf 87' lang='lat' dir='ltr'>conscripsit,</span> <span class='ocrx_word' id='word_1_188' title='bbox 544 3232 616 3277; x_wconf 90' lang='lat' dir='ltr'>cum</span> <span class='ocrx_word' id='word_1_189' title='bbox 632 3212 801 3276; x_wconf 90' lang='lat' dir='ltr'>editionem</span> <span class='ocrx_word' id='word_1_190' title='bbox 817 3210 949 3275; x_wconf 88' lang='lat' dir='ltr'>alteram</span> <span class='ocrx_word' id='word_1_191' title='bbox 965 3207 1108 3291; x_wconf 87' lang='lat' dir='ltr'>parabat.</span> <span class='ocrx_word' id='word_1_192' title='bbox 1132 3209 1200 3273; x_wconf 90' lang='lat' dir='ltr'>lam</span> <span class='ocrx_word' id='word_1_193' title='bbox 1215 3205 1343 3272; x_wconf 79' lang='lat' dir='ltr'>Alfre·</span> 
     </span>
     <span class='ocr_line' id='line_1_29' title="bbox 221 3310 1344 3399; baseline -0.007 -17"><span class='ocrx_word' id='word_1_194' title='bbox 221 3318 288 3382; x_wconf 93' lang='lat' dir='ltr'>dus</span> <span class='ocrx_word' id='word_1_195' title='bbox 311 3316 501 3399; x_wconf 87' lang='lat' dir='ltr'>Schoene,</span> <span class='ocrx_word' id='word_1_196' title='bbox 526 3315 579 3398; x_wconf 93' lang='lat' dir='ltr'>qui</span> <span class='ocrx_word' id='word_1_197' title='bbox 601 3313 639 3378; x_wconf 90' lang='lat' dir='ltr'>de</span> <span class='ocrx_word' id='word_1_198' title='bbox 661 3313 886 3396; x_wconf 84' lang='lat' dir='ltr'>exemplaribus</span> <span class='ocrx_word' id='word_1_199' title='bbox 901 3310 1064 3391; x_wconf 89' lang='lat' dir='ltr'>Parisinis,</span> <span class='ocrx_word' id='word_1_200' title='bbox 1088 3328 1151 3392; x_wconf 90' lang='lat' dir='ltr'>qua</span> <span class='ocrx_word' id='word_1_201' title='bbox 1166 3314 1214 3375; x_wconf 88' lang='lat' dir='ltr'>est</span> <span class='ocrx_word' id='word_1_202' title='bbox 1230 3311 1344 3376; x_wconf 86' lang='lat' dir='ltr'>eximia</span> 
     </span>
     <span class='ocr_line' id='line_1_30' title="bbox 219 3415 1345 3504; baseline -0.006 -19"><span class='ocrx_word' id='word_1_203' title='bbox 219 3421 421 3504; x_wconf 87' lang='lat' dir='ltr'>liberalitate,</span> <span class='ocrx_word' id='word_1_204' title='bbox 451 3419 571 3501; x_wconf 88' lang='lat' dir='ltr'>primus</span> <span class='ocrx_word' id='word_1_205' title='bbox 593 3437 643 3483; x_wconf 92' lang='lat' dir='ltr'>me</span> <span class='ocrx_word' id='word_1_206' title='bbox 665 3419 780 3494; x_wconf 90' lang='lat' dir='ltr'>docuit,</span> <span class='ocrx_word' id='word_1_207' title='bbox 806 3419 878 3483; x_wconf 88' lang='lat' dir='ltr'>ante</span> <span class='ocrx_word' id='word_1_208' title='bbox 899 3416 954 3480; x_wconf 90' lang='lat' dir='ltr'>hos</span> <span class='ocrx_word' id='word_1_209' title='bbox 977 3417 1045 3480; x_wconf 91' lang='lat' dir='ltr'>octo</span> <span class='ocrx_word' id='word_1_210' title='bbox 1068 3433 1164 3480; x_wconf 90' lang='lat' dir='ltr'>annos</span> <span class='ocrx_word' id='word_1_211' title='bbox 1188 3415 1345 3497; x_wconf 87' lang='lat' dir='ltr'>perspexit</span> 
     </span>
     <span class='ocr_line' id='line_1_31' title="bbox 220 3518 1344 3608; baseline -0.01 -16"><span class='ocrx_word' id='word_1_212' title='bbox 220 3528 371 3608; x_wconf 90' lang='lat' dir='ltr'>scriptum</span> <span class='ocrx_word' id='word_1_213' title='bbox 392 3524 483 3588; x_wconf 89' lang='lat' dir='ltr'>illum</span> <span class='ocrx_word' id='word_1_214' title='bbox 506 3522 763 3588; x_wconf 90' lang='lat' dir='ltr'>commentarium</span> <span class='ocrx_word' id='word_1_215' title='bbox 786 3538 857 3585; x_wconf 91' lang='lat' dir='ltr'>cum</span> <span class='ocrx_word' id='word_1_216' title='bbox 880 3537 926 3603; x_wconf 94' lang='lat' dir='ltr'>eo,</span> <span class='ocrx_word' id='word_1_217' title='bbox 949 3536 1041 3601; x_wconf 89' lang='lat' dir='ltr'>quem</span> <span class='ocrx_word' id='word_1_218' title='bbox 1063 3520 1147 3602; x_wconf 86' lang='lat' dir='ltr'>typis</span> <span class='ocrx_word' id='word_1_219' title='bbox 1169 3518 1344 3600; x_wconf 89' lang='lat' dir='ltr'>inpressum</span> 
     </span>
     <span class='ocr_line' id='line_1_32' title="bbox 222 3627 899 3707; baseline -0.012 -11"><span class='ocrx_word' id='word_1_220' title='bbox 222 3632 318 3696; x_wconf 90' lang='lat' dir='ltr'>editio</span> <span class='ocrx_word' id='word_1_221' title='bbox 340 3630 440 3694; x_wconf 87' lang='lat' dir='ltr'>altera</span> <span class='ocrx_word' id='word_1_222' title='bbox 461 3628 607 3705; x_wconf 88' lang='lat' dir='ltr'>continet,</span> <span class='ocrx_word' id='word_1_223' title='bbox 638 3627 702 3692; x_wconf 88' lang='lat' dir='ltr'>fere</span> <span class='ocrx_word' id='word_1_224' title='bbox 724 3642 899 3707; x_wconf 88' lang='lat' dir='ltr'>congruere.</span> 
     </span>
    </p>
   </div>
   <div class='ocr_carea' id='block_1_6' title="bbox 264 3724 1446 3809">
    <p class='ocr_par' dir='ltr' id='par_1_7' title="bbox 264 3724 1446 3809">
     <span class='ocr_line' id='line_1_33' title="bbox 264 3724 1446 3809; baseline -0.008 -10"><span class='ocrx_word' id='word_1_225' title='bbox 264 3735 352 3799; x_wconf 92' lang='lat' dir='ltr'>Idem</span> <span class='ocrx_word' id='word_1_226' title='bbox 376 3730 572 3797; x_wconf 88' lang='lat' dir='ltr'>confirmauit</span> <span class='ocrx_word' id='word_1_227' title='bbox 594 3731 790 3795; x_wconf 85' lang='lat' dir='ltr'>Antonius</span> <span class='ocrx_word' id='word_1_228' title='bbox 812 3728 937 3806; x_wconf 84' lang='lat' dir='ltr'>Kunr,</span> <span class='ocrx_word' id='word_1_229' title='bbox 969 3726 1036 3809; x_wconf 91' lang='lat' dir='ltr'>qui,</span> <span class='ocrx_word' id='word_1_230' title='bbox 1060 3724 1134 3790; x_wconf 89' lang='lat' dir='ltr'>dum</span> <span class='ocrx_word' id='word_1_231' title='bbox 1157 3743 1238 3789; x_wconf 91' lang='lat' dir='ltr'>anno</span> <span class='ocrx_word' id='word_1_232' title='bbox 1262 3725 1346 3791; x_wconf 80' lang='lat'>1882</span> <span class='ocrx_word' id='word_1_233' title='bbox 1439 3756 1446 3768; x_wconf 94' lang='lat'><strong>·</strong></span> 
     </span>
    </p>
   </div>
   <div class='ocr_carea' id='block_1_7' title="bbox 221 3827 1348 4331">
    <p class='ocr_par' dir='ltr' id='par_1_8' title="bbox 221 3827 1348 4331">
     <span class='ocr_line' id='line_1_34' title="bbox 222 3827 1346 3917; baseline -0.01 -14"><span class='ocrx_word' id='word_1_234' title='bbox 222 3838 350 3904; x_wconf 89' lang='lat' dir='ltr'>Parisiis</span> <span class='ocrx_word' id='word_1_235' title='bbox 372 3837 526 3912; x_wconf 89' lang='lat' dir='ltr'>uersatur,</span> <span class='ocrx_word' id='word_1_236' title='bbox 549 3836 658 3917; x_wconf 91' lang='lat' dir='ltr'>rogatu</span> <span class='ocrx_word' id='word_1_237' title='bbox 681 3850 749 3913; x_wconf 89' lang='lat' dir='ltr'>meo</span> <span class='ocrx_word' id='word_1_238' title='bbox 772 3832 944 3897; x_wconf 87' lang='lat' dir='ltr'>accuratius</span> <span class='ocrx_word' id='word_1_239' title='bbox 966 3848 1034 3895; x_wconf 88' lang='lat' dir='ltr'>rem</span> <span class='ocrx_word' id='word_1_240' title='bbox 1057 3827 1231 3913; x_wconf 86' lang='lat' dir='ltr'>indagauit.</span> <span class='ocrx_word' id='word_1_241' title='bbox 1262 3829 1346 3910; x_wconf 85' lang='lat' dir='ltr'>Quae</span> 
     </span>
     <span class='ocr_line' id='line_1_35' title="bbox 221 3932 1346 4020; baseline -0.012 -11"><span class='ocrx_word' id='word_1_242' title='bbox 221 3944 277 4008; x_wconf 90' lang='lat' dir='ltr'>ille</span> <span class='ocrx_word' id='word_1_243' title='bbox 307 3944 373 4005; x_wconf 91' lang='lat' dir='ltr'>tum</span> <span class='ocrx_word' id='word_1_244' title='bbox 405 3938 520 4004; x_wconf 88' lang='lat' dir='ltr'>litteris</span> <span class='ocrx_word' id='word_1_245' title='bbox 550 3956 672 4002; x_wconf 88' lang='lat' dir='ltr'>mecum</span> <span class='ocrx_word' id='word_1_246' title='bbox 702 3936 837 4020; x_wconf 88' lang='lat' dir='ltr'>benigne</span> <span class='ocrx_word' id='word_1_247' title='bbox 866 3933 1114 4000; x_wconf 82' lang='lat' dir='ltr'>communicarit</span> <span class='ocrx_word' id='word_1_248' title='bbox 1140 3932 1171 3997; x_wconf 91' lang='lat' dir='ltr'>et</span> <span class='ocrx_word' id='word_1_249' title='bbox 1197 3932 1346 4014; x_wconf 87' lang='lat' dir='ltr'>exemplis</span> 
     </span>
     <span class='ocr_line' id='line_1_36' title="bbox 222 4036 1230 4125; baseline -0.011 -14"><span class='ocrx_word' id='word_1_250' title='bbox 222 4044 390 4111; x_wconf 87' lang='lat' dir='ltr'>luculentis</span> <span class='ocrx_word' id='word_1_251' title='bbox 412 4042 577 4125; x_wconf 89' lang='lat' dir='ltr'>propositis</span> <span class='ocrx_word' id='word_1_252' title='bbox 600 4040 835 4121; x_wconf 85' lang='lat' dir='ltr'>demonstrauit,</span> <span class='ocrx_word' id='word_1_253' title='bbox 868 4057 904 4103; x_wconf 91' lang='lat' dir='ltr'>ea</span> <span class='ocrx_word' id='word_1_254' title='bbox 926 4036 1064 4103; x_wconf 90' lang='lat' dir='ltr'>breuiter</span> <span class='ocrx_word' id='word_1_255' title='bbox 1085 4037 1230 4103; x_wconf 85' lang='lat' dir='ltr'>referam.</span> 
     </span>
     <span class='ocr_line' id='line_1_37' title="bbox 266 4137 1348 4229; baseline -0.01 -18"><span class='ocrx_word' id='word_1_256' title='bbox 266 4147 367 4211; x_wconf 87' lang='lat' dir='ltr'>Notae</span> <span class='ocrx_word' id='word_1_257' title='bbox 389 4145 589 4229; x_wconf 88' lang='lat' dir='ltr'>Rigaltianae</span> <span class='ocrx_word' id='word_1_258' title='bbox 620 4143 747 4209; x_wconf 87' lang='lat' dir='ltr'>editioni</span> <span class='ocrx_word' id='word_1_259' title='bbox 776 4137 909 4225; x_wconf 91' lang='lat' dir='ltr'>principi</span> <span class='ocrx_word' id='word_1_260' title='bbox 938 4143 970 4206; x_wconf 93' lang='lat' dir='ltr'>in</span> <span class='ocrx_word' id='word_1_261' title='bbox 999 4140 1082 4206; x_wconf 84' lang='lat' dir='ltr'>foliis</span> <span class='ocrx_word' id='word_1_262' title='bbox 1111 4140 1219 4206; x_wconf 89' lang='lat' dir='ltr'>uacuis</span> <span class='ocrx_word' id='word_1_263' title='bbox 1249 4137 1348 4201; x_wconf 89' lang='lat' dir='ltr'>inter·</span> 
     </span>
     <span class='ocr_line' id='line_1_38' title="bbox 224 4240 1346 4331; baseline -0.013 -14"><span class='ocrx_word' id='word_1_264' title='bbox 224 4252 312 4318; x_wconf 86' lang='lat' dir='ltr'>iactis</span> <span class='ocrx_word' id='word_1_265' title='bbox 340 4249 530 4331; x_wconf 86' lang='lat' dir='ltr'>conscriptae</span> <span class='ocrx_word' id='word_1_266' title='bbox 559 4246 840 4314; x_wconf 90' lang='lat' dir='ltr'>commentario</span> <span class='ocrx_word' id='word_1_267' title='bbox 867 4243 1012 4310; x_wconf 89' lang='lat' dir='ltr'>editionis</span> <span class='ocrx_word' id='word_1_268' title='bbox 1042 4243 1171 4310; x_wconf 88' lang='lat' dir='ltr'>alterius</span> <span class='ocrx_word' id='word_1_269' title='bbox 1194 4240 1277 4324; x_wconf 85' lang='lat' dir='ltr'>typis</span> <span class='ocrx_word' id='word_1_270' title='bbox 1299 4241 1346 4303; x_wconf 93' lang='lat' dir='ltr'>in-</span> 
     </span>
    </p>
   </div>
   <div class='ocr_carea' id='block_1_8' title="bbox 0 0 1520 4838">
    <p class='ocr_par' dir='ltr' id='par_1_9' title="bbox 0 0 1520 4838">
     <span class='ocr_line' id='line_1_39' title="bbox 0 0 1520 4838; baseline 0 0"><span class='ocrx_word' id='word_1_271' title='bbox 0 0 1520 4838; x_wconf 95' lang='lat' dir='ltr'> </span> 
     </span>
    </p>
   </div>
  </div>
 </body>
</html>
