2986 4838
1208 354 1305 402 xvnll

187 517 319 600 logatico
342 518 501 602 disputate
523 519 626 596 erant,
660 522 693 585 et
721 520 888 604 diligenter
915 525 1069 604 congessit
1099 526 1131 587 01
1152 524 1307 588 recensuit

187 620 356 701 prudenter
378 625 409 685 01
431 621 496 686 0010
519 622 619 688 doctis
642 622 954 688 commentationibus
977 626 1072 688 auxit.

229 722 347 788 Deinde
368 741 481 789 nouam
504 724 651 789 carminis
674 724 844 790 editionem
871 726 1115 793 Hermannus
1138 727 1307 793 Roensch

187 823 350 908 adgressus
382 829 429 890 est
463 826 495 890 in
524 823 717 892 ‘Zeitschrift
749 827 799 892 fir
832 826 884 893 die
917 827 1099 906 historische
1126 828 1305 912 Theologie’
1336 884 1338 887 .

187 943 259 991 ann.
276 927 359 992 1812
381 946 410 1009 p.
431 930 490 996 163
505 948 571 1013 sqq.
606 930 760 996 Editionis
776 930 1007 996 ltcenschianae
1023 934 1086 996 tres
1101 934 1178 996 sunt
1192 936 1303 1016 partes,

187 1047 318 1110 quarum
343 1034 402 1096 001
423 1032 574 1116 praefatio
590 1034 775 1114 continetur,
799 1033 902 1099 altera
915 1052 995 1098 noua
1011 1035 1158 1100 carminis
1172 1038 1306 1102 recensio

186 1149 257 1196 cnm
281 1135 499 1199 commentario
522 1135 639 1213 critico,
664 1136 758 1200 tertia
780 1137 1028 1211 commentarius,
1058 1155 1117 1220 quo
1149 1141 1179 1203 et
1205 1157 1255 1203 res
1277 1142 1308 1202 01

187 1238 280 1300 00010
290 1240 432 1302 00000010
444 1238 646 1319 explicantur.
676 1237 712 1302 10
724 1239 782 1304 hac
793 1240 887 1303 tertia
898 1239 1040 1320 inprimis
1054 1244 1143 1322 parte
1154 1243 1235 1305 mira
1248 1240 1308 1305 uiri

185 1340 343 1406 doctrinae
364 1342 489 1406 ubertas
513 1341 627 1415 enitet,
651 1358 723 1406 cnm
745 1340 790 1405 ibi
813 1359 865 1406 eae
889 1341 1022 1424 agantur
1043 1362 1107 1421 res,
1143 1342 1174 1406 in
1197 1343 1330 1425 quibus¹

183 1443 239 1506 ille
261 1444 326 1508 iam
349 1443 402 1507 diu
423 1446 543 1524 regnat,
567 1444 705 1527 uulgaris
729 1444 797 1508 dico
820 1443 987 1510 latinitatis
1009 1446 1163 1511 rationem
1180 1445 1307 1510 010011-

185 1548 321 1628 quitates
337 1545 531 1612 Christianos
547 1554 578 1610 01
601 1546 770 1611 bibliorum
794 1547 961 1612 latinorum
984 1549 1132 1614 lectiones
1154 1549 1307 1614 uetustas.

232 1667 323 1730 Anno
359 1668 438 1732 1877
472 1667 566 1731 tertia
600 1666 747 1731 carminis
781 1666 967 1750 apologetici
1003 1669 1098 1734 editio
1133 1671 1308 1736 Ernesto

90 1847 94 1854 Ι
185 1770 341 1852 Ludwig
368 1771 496 1834 curante
524 1771 554 1833 in
580 1769 768 1835 bibliotheca
788 1769 1003 1835 Teubneriana
1024 1772 1151 1854 prodiit.
1199 1772 1307 1854 Neque

184 1871 238 1934 ille
262 1891 298 1936 ea
320 1890 352 1935 rc
375 1876 480 1936 actum
502 1872 581 1956 egit3
605 1888 674 1936 nam
700 1891 769 1938 cum
792 1874 858 1954 ipse
878 1891 997 1955 quoqne
1014 1875 1175 1957 uulgarem
1192 1876 1304 1940 Roma·

184 1991 293 2040 norum
321 1993 492 2040 sermonem
520 1978 642 2058 penitus
665 1976 825 2059 cognitum
848 1976 978 2041 haberet
1000 1980 1032 2041 01
1054 1978 1107 2042 010
1128 1997 1165 2042 00
1186 1979 1306 2044 0011000

184 2078 434 2159 progrederetur,
469 2077 547 2143 satis
579 2096 720 2160 prospere
744 2078 773 2142 01
795 2097 844 2142 000
872 2081 980 2153 cessit,
1016 2081 1116 2160 quoad
1146 2082 1211 2145 eius
1240 2081 1306 2144 sine

184 2198 264 2245 noua
285 2180 398 2246 codicis
420 2180 661 2247 Mediomontani
685 2181 850 2247 collatione
874 2182 940 2244 fieri
964 2183 1078 2262 potnit.

238 2386 296 2456 De
315 2404 415 2455 noua
438 2384 640 2455 collatione
663 2383 832 2455 codicum
854 2384 1250 2456 Mediomontanorum.

229 2524 310 2604 Quas
333 2525 423 2587 modo
447 2523 688 2586 memorauimus
711 2523 859 2585 carminis
887 2522 1071 2605 apologetici
1101 2523 1252 2586 editiones
1276 2527 1307 2586 et

183 2628 471 2700 commentationes,
506 2643 558 2688 eae
581 2642 686 2689 omnes
710 2624 777 2688 sola
799 2623 905 2688 Pitrae
928 2624 1095 2688 collatione
1118 2623 1306 2700 nitebantur,

182 2746 370 2812 quamquam
393 2727 444 2791 hic
466 2727 530 2808 ipse
552 2727 708 2790 fatebatur
726 2724 884 2808 ‘raptim
907 2746 939 2791 00
961 2726 1103 2808 ignotum
1121 2724 1253 2791 carmen'
1272 2746 1307 2790 ex

182 2830 283 2895 codice
313 2829 510 2910 descripsisse
522 2826 576 2909 ⁹⁸).
614 2828 722 2910 Itaque
753 2829 830 2894 uiris
860 2829 1077 2911 amplissimis,
1113 2829 1165 2910 qui
1189 2832 1307 2913 corpori

181 2934 368 3014 scriptorum
391 2932 668 2997 ecclesiasticorum
692 2933 859 2997 latinorum
882 2933 968 2995 iussu
984 2934 1015 2994 et
1030 2933 1206 3013 sumptibus
1224 2936 1306 2996 Aca·

181 3036 301 3100 demiae
323 3035 487 3098 Caesareae
512 3033 755 3098 vindobonensis
779 3034 897 3098 edendo
917 3037 1077 3116 praesunt,
1101 3051 1210 3114 operae
1233 3053 1307 3116 pre·

182 3139 262 3203 tium
286 3155 352 3202 esse
374 3135 479 3201 uisum
502 3137 565 3215 est,
601 3153 712 3200 nouam
740 3135 855 3200 codicis
878 3136 1121 3202 Mediomontani
1143 3137 1306 3202 instituere

184 3239 391 3305 collationem.

224 3360 265 3425 lit
286 3359 386 3441 primo
410 3357 604 3424 Hernicus
627 3357 846 3441 Stephanus
870 3357 1095 3442 Sedlmayer
1117 3361 1295 3425 00001819

182 3463 256 3527 dum
279 3463 409 3527 aliorum
433 3461 629 3545 negotiorum
652 3459 978 3527 000000101100100001
1001 3466 1153 3538 uersatur,
1176 3462 1304 3528 illorum

181 3567 318 3629 uirorum
340 3565 462 3629 monitu
485 3582 545 3628 000
570 3564 669 3627 solum
699 3564 837 3629 codicem
863 3563 959 3644 1825,
996 3583 1054 3646 quc
1084 3566 1303 3630 instructiones
1359 3557 1367 3584 ‘

182 3667 394 3746 00011000100,
429 3668 483 3732 sed
518 3668 613 3731 etiam
648 3669 782 3732 codicem
808 3666 928 3746 12261,
963 3667 1043 3732 unde
1065 3667 1153 3732 Pitna
1181 3687 1305 3734 carmen

181 3770 408 3855 apologeticum
439 3771 554 3848 edidit,
589 3772 723 3854 inspexit
747 3779 778 3835 01
800 3773 962 3855 utriusque
984 3771 1159 3836 conferendi
1184 3771 1306 3853 perieu-

179 3872 248 3937 lum
281 3874 361 3938 lecit.
410 3874 590 3938 Extremam
624 3877 728 3937 autem
764 3873 910 3939 carminis
944 3872 1125 3955 apologetici
1159 3873 1304 3954 paginam

180 3978 280 4063 totam
303 3980 443 4040 accurate
466 3975 606 4060 depinxit
629 3977 660 4039 et
682 3975 817 4059 uestigia
840 3975 1021 4059 scripturae,
1045 3993 1123 4056 quae
1141 3993 1254 4058 magna
1270 3993 1305 4038 ex

179 4080 267 4160 parte
285 4080 460 4154 euanuerat
486 4079 625 4142 studiose
642 4079 812 4160 indagauit.
849 4079 932 4159 Quas
955 4078 1008 4141 ille
1025 4097 1060 4141 ex
1076 4081 1208 4158 utroque
1223 4076 1304 4140 libro

222 4265 252 4331 ’ἢ
272 4265 364 4333 Spicil.
383 4263 490 4318 Solesm.
510 4262 547 4318 lv
565 4279 590 4332 p,
609 4264 667 4317 222.

1170 4366 1201 4418 b*
