2986 4838
195 342 222 388 II

197 510 306 576 offerre
328 508 468 588 Christo,
498 527 570 573 suae
593 507 703 573 salutis
732 508 860 590 auctori,
884 506 1010 590 scripsit
1032 505 1223 571 mediocri
1245 525 1322 570 scr·

196 630 304 677 mone
327 612 440 694 quasi
461 629 577 676 uersu
600 610 747 675 aduersus
763 627 908 692 paganos.
931 609 971 673 Et
988 609 1059 691 quia
1074 627 1183 690 parum
1199 610 1320 673 nostra-

196 734 266 780 rum
304 714 461 798 adtigerat
496 714 691 789 litterarum,
729 713 829 796 magis
866 712 994 776 illorum
1031 711 1187 778 destruere
1220 711 1324 793 potuit

197 819 345 900 dogmata
368 836 462 900 quam
485 818 592 882 nostra
613 816 748 881 firmare.
784 816 874 882 Vnde
898 818 930 881 et
954 817 991 881 de
1014 816 1130 880 diuinis
1152 815 1321 897 repromis-

197 920 336 985 sionibus
359 920 508 985 aduersus
531 919 604 983 illos
628 937 725 1003 agens
754 919 832 984 uili
862 918 938 984 satis
969 919 1001 983 et
1032 935 1179 1001 crasso,
1214 921 1250 983 ut
1279 919 1324 981 'ta

196 1022 336 1102 dixerim,
359 1039 479 1087 sensu
502 1021 658 1098 disseruit,
681 1021 745 1085 illis
769 1022 939 1104 stuporem,
962 1020 1049 1086 nobis
1072 1021 1321 1102 desperationem

196 1126 359 1191 incutiens.
404 1123 705 1189 Pertullianum
740 1126 770 1187 et
804 1123 1057 1188 Lactantium
1091 1123 1123 1187 et
1155 1122 1322 1206 Papiam

197 1233 338 1294 auctores
368 1229 492 1292 secutus
522 1227 673 1292 moralem
703 1244 776 1291 sane
804 1225 976 1292 doctrinam
999 1230 1031 1292 et
1053 1225 1187 1291 maxime
1210 1226 1322 1295 uolun-

196 1332 294 1397 tariae
315 1330 508 1413 paupertatis
532 1347 670 1395 amorem
693 1330 810 1411 optime
832 1332 1012 1411 prosecutus
1043 1329 1243 1394 studentibus
1272 1331 1324 1393 in·

197 1434 350 1500 culcauit.'

240 1553 327 1619 Haec
348 1553 508 1635 aliquanto
530 1551 675 1635 pauciora
696 1555 778 1630 sunt,
802 1570 896 1634 quarn
920 1570 998 1633 quae
1020 1570 1145 1618 noscere
1168 1553 1205 1616 do
1230 1551 1322 1621 Com·

196 1657 339 1722 modiano
361 1656 512 1738 uelimus3
543 1657 575 1720 et
598 1653 720 1719 utinam
743 1673 780 1719 ea
801 1656 880 1736 ipsa,
903 1673 979 1737 quae
1003 1653 1180 1721 Gennadius
1202 1674 1320 1721 memo·

195 1758 260 1824 riae
290 1757 409 1841 prodit,
442 1756 546 1822 omnia
574 1775 650 1822 uera
679 1756 731 1822 uel
756 1760 840 1823 certa
863 1761 981 1822 essent!
1027 1757 1111 1838 Quae
1135 1759 1259 1841 quidem
1283 1759 1321 1823 de

196 1861 374 1927 auctoribus
398 1859 483 1937 dicit,
506 1877 582 1942 quos
605 1862 728 1924 secutus
750 1859 988 1926 Commodianus
1012 1861 1064 1944 sit,
1088 1879 1123 1926 ea
1144 1861 1227 1926 haud
1250 1881 1322 1944 par·

196 1984 270 2032 uam
292 1966 419 2029 mouent
442 1962 679 2028 dubitationem.

239 2084 279 2149 Et
302 2104 337 2150 ax
359 2084 503 2166 Papiae
532 2083 622 2149 libris
645 2085 713 2148 tam
736 2084 865 2169 exiguae
888 2086 1054 2167 supersunt
1083 2085 1247 2171 reliquiae,
1276 2088 1323 2170 ut,

196 2206 275 2270 quae
305 2186 516 2252 intercesserit
545 2188 627 2252 inter
657 2187 744 2252 illius
775 2192 807 2252 et
830 2186 1044 2254 Commodiani
1067 2187 1163 2255 libros
1185 2192 1323 2255 necessi·

195 2290 283 2374 tudo,
317 2309 379 2355 non
400 2289 465 2354 iam
491 2291 588 2371 possis
618 2291 817 2375 inuestigare.
862 2291 908 2356 Do
939 2292 1186 2357 Tertulliano
1215 2294 1325 2375 utique

196 2411 305 2456 uerum
327 2393 408 2457 uidit
431 2393 620 2460 Gennadius.
666 2393 711 2458 At
738 2394 994 2459 sectantium
1024 2395 1127 2460 aetate
1150 2413 1212 2459 non
1238 2394 1322 2477 prio·

195 2515 271 2578 rem,
293 2500 329 2560 ut
351 2495 407 2560 ille
429 2496 569 2580 putabat,
592 2496 646 2560 sed
668 2495 868 2578 posteriorem
884 2495 1107 2563 Commodiano
1126 2498 1222 2564 fuisse
1240 2519 1324 2565 nunc

196 2601 322 2681 quidem
345 2599 469 2663 tantum
492 2618 554 2664 non
576 2599 658 2662 inter
680 2616 785 2664 omnes
802 2602 936 2665 constat.
971 2602 1064 2666 Error
1079 2601 1233 2669 Gennadii
1248 2602 1323 2668 inde

197 2702 322 2768 uidetur
350 2701 509 2784 profectus
541 2720 623 2781 esse,
658 2703 740 2784 quod
766 2704 798 2767 et
821 2701 1063 2769 Commodianus
1087 2705 1119 2769 et
1140 2706 1324 2772 Lactantius

197 2825 232 2870 ex
255 2804 370 2870 eisdem
393 2804 531 2870 fontibus
554 2804 735 2881 hauserunt,
760 2823 891 2887 quorum
914 2806 1049 2872 fontium
1071 2809 1214 2891 princeps
1230 2811 1326 2892 atque

194 2906 379 2992 praecipuus
409 2906 579 2991 Cyprianus
608 2908 670 2973 fuit
684 2906 732 2991 ⁰).
765 2908 869 2973 Huius
892 2911 1051 2992 uestigiis,
1081 2912 1114 2976 id
1137 2915 1217 2993 quod
1240 2910 1321 2977 Gen-

197 3012 325 3076 nadium
340 3010 490 3094 fugiebat,
507 3008 763 3076 Commodianum
785 3012 949 3096 pedisequi
965 3014 1056 3078 modo
1079 3014 1233 3078 institisse
1255 3033 1322 3078 cer·

197 3113 358 3178 tissimum
380 3113 437 3178 est.

241 3235 318 3300 Post
330 3234 485 3301 Gennadii
501 3238 640 3320 tempora
655 3238 692 3302 de
709 3236 928 3304 Commodiano
941 3240 1023 3319 apud
1035 3238 1200 3320 scriptores
1216 3256 1323 3303 rursus

200 3339 300 3403 altum
327 3342 373 3405 est
400 3340 577 3417 silentinm3
611 3340 709 3405 nihilo
733 3345 839 3406 tamen
862 3342 958 3405 setius
982 3341 1083 3405 medio
1106 3341 1187 3422 quod
1210 3342 1326 3407 dicitur

198 3460 275 3508 aeuo
306 3441 446 3507 carmina
475 3443 541 3508 eius
573 3444 743 3508 identidem
773 3443 1036 3508 describebantur.
1086 3444 1125 3508 nt
1159 3444 1325 3527 conplures

198 3562 303 3609 eorum
328 3546 448 3611 codices
471 3548 607 3611 aetatem
630 3547 781 3619 tulerunt,
805 3564 936 3629 quorum
958 3565 1028 3629 pars
1050 3564 1113 3611 non
1135 3547 1181 3612 ita
1202 3546 1322 3631 pridem

199 3647 323 3712 uidetur
342 3648 466 3731 perisse.
502 3648 740 3731 [typographica
761 3652 867 3713 autern
883 3651 949 3714 arte
970 3650 1098 3714 inuenta
1120 3669 1192 3714 cum
1213 3650 1324 3733 ingens

199 3751 339 3815 exortum
371 3756 453 3816 esset
483 3753 641 3817 certarnen
673 3754 711 3816 ad
741 3753 837 3818 libros
867 3758 899 3817 et
929 3753 1129 3818 classicorum
1159 3754 1192 3817 et
1226 3752 1322 3817 ecele-

148 3901 151 3905 ,
199 3854 398 3920 siasticorum
428 3855 613 3937 scriptorum
644 3856 727 3939 typis
756 3855 983 3938 inprimendos,
1018 3855 1256 3921 Commodianus
1285 3855 1323 3920 cb

199 3958 346 4037 nimiam,
384 3958 507 4041 opinor,
545 3961 576 4022 et
611 3961 761 4024 sermonis
793 3961 825 4023 et
857 3978 1006 4024 uersuum
1036 3959 1237 4043 asperitatem
1271 3959 1324 4022 diu

198 4059 318 4124 nemini
341 4060 502 4125 doctorum
525 4060 636 4144 dignus
663 4062 749 4126 uisus
773 4066 830 4142 est,
855 4063 908 4145 qui
932 4062 1083 4127 ederetur.

148 4284 154 4295 .
241 4245 319 4316 ¹)Cf.
336 4260 362 4313 p.
380 4246 448 4303 IIII.
