2986 4838
206 260 252 307 x11

208 430 292 493 enim
320 445 441 509 qnoque
470 426 604 508 suspicio
634 427 681 491 est
710 425 887 508 Rigaltium
916 443 952 490 ex
978 425 1046 507 ipso
1070 425 1245 508 apographo
1269 423 1339 490 Sir-

208 531 372 596 mondiano
395 529 555 611 petiuisse.

251 668 370 745 Restat,
393 668 429 732 ut
451 686 548 750 pauca
569 666 710 731 dicamus
734 667 771 730 de
793 664 888 730 uariis
903 664 1103 748 lectionibus,
1127 683 1206 747 quae
1221 666 1253 729 in
1270 665 1341 730 cod.

209 773 240 842 B
269 772 393 854 praeter
422 771 543 834 textum
574 770 737 834 adiunctae
768 768 851 834 sunt.
894 769 1011 833 Earum
1042 784 1188 850 magnam
1215 772 1342 851 partem
1381 843 1382 846 Ἴ

209 873 310 957 prima
331 890 441 938 manus
463 890 556 954 supra
578 871 677 936 lineas
700 870 842 952 scripsit;
866 872 1019 951 quaedam
1035 873 1141 935 autem
1157 871 1260 936 altera
1281 870 1343 935 illa

209 994 306 1041 mann
329 975 450 1040 adiecta
472 976 555 1051 sunt,
580 991 660 1056 quac
682 972 878 1038 acrostichon
894 973 909 1035 Ι
928 975 967 1038 18
983 973 1084 1057 primo
1099 972 1250 1038 omissum
1265 991 1342 1055 snp-

209 1078 318 1159 pleuit.
357 1078 446 1142 Hanc
477 1077 607 1141 alteram
639 1075 755 1141 codicis
777 1075 809 1145 B
839 1093 970 1140 manum
993 1077 1091 1157 ipsius
1114 1075 1249 1158 Rigaltii
1272 1092 1342 1138 esse

210 1181 358 1262 cognoni,
382 1183 433 1245 ubi
456 1181 535 1243 mihi
557 1179 702 1260 contigit,
725 1181 762 1242 nt
785 1179 921 1242 codicem
944 1179 975 1248 Β
998 1196 1069 1243 cum
1092 1179 1176 1243 notis
1200 1179 1232 1242 et
1254 1197 1340 1243 com-

211 1284 466 1348 mentatiunculis
490 1300 712 1363 compararem,
736 1300 812 1363 quas
834 1281 993 1364 Rigaltins
1010 1281 1204 1346 Berolinensi
1228 1281 1342 1345 editio·

211 1385 259 1449 nis
283 1386 434 1468 principis
458 1383 627 1466 exemplari
650 1401 708 1448 sua
729 1401 825 1447 mann
847 1383 1024 1461 subiunxit3
1059 1386 1096 1449 de
1123 1402 1185 1466 qua
1211 1402 1244 1447 re
1269 1383 1343 1448 uide

212 1486 502 1572 Sitnungsbericbte
523 1486 611 1551 CVII
634 1505 663 1567 p.
689 1486 707 1577 i
713 1484 752 1549 14
773 1503 819 1568 sq.

111 1644 115 1654 ·
173 1645 178 1656 ·
256 1624 363 1690 Codici
385 1625 526 1690 Parisino
550 1623 755 1688 Leidensis
778 1622 959 1688 simillimus
984 1628 1040 1687 est.
1074 1623 1175 1688 Iidem
1192 1641 1342 1690 cumnon

68 1725 93 1731 “
132 1727 136 1738 ’
212 1729 319 1811 paucis
349 1728 426 1792 locis
461 1729 544 1792 inter
566 1745 605 1800 se,
621 1727 784 1802 differant,
819 1728 1010 1792 Ernestus
1033 1727 1188 1811 Ludwig
1217 1729 1343 1810 putauit

212 1848 273 1895 non
296 1831 428 1896 altarum
452 1850 488 1895 er
510 1831 607 1895 altero
630 1830 819 1911 descriptum
842 1849 928 1909 esse,
957 1835 1009 1896 sed
1031 1832 1197 1914 utrumque
1220 1849 1256 1895 ex
1280 1847 1342 1895 nno

213 1934 381 2015 eodemque
411 1935 582 2015 antiquiore
604 1931 770 2015 archetypo
793 1933 926 1997 finxisse.
966 1935 1031 2017 Ego
1053 1953 1125 1998 uero
1149 1939 1181 1998 et
1202 1933 1343 2017 singulos

213 2039 354 2101 uccnmte
378 2037 557 2101 excutiendo
580 2037 611 2099 et
633 2036 739 2099 ambos
760 2035 844 2099 inter
864 2054 897 2099 se
914 2038 1118 2118 comparando
1135 2037 1265 2102 dubium
1281 2054 1343 2101 non

213 2156 281 2203 essa
310 2139 465 2220 intellexi,
501 2140 575 2220 quin
598 2137 762 2202 Leidensis
790 2157 825 2202 ex
850 2137 992 2205 Parisino
1023 2141 1068 2205 ita
1091 2140 1135 2204 sit
1157 2139 1343 2223 descriptus,

213 2241 250 2306 ut
272 2241 417 2307 librarius
440 2240 555 2306 codicis
576 2239 746 2319 Leidensis,
770 2239 860 2304 bomo
884 2240 993 2306 doctus
1016 2243 1139 2326 aliquis,
1162 2260 1223 2307 non
1245 2262 1344 2326 panca

214 2344 385 2408 mutauerit
408 2346 441 2409 et
462 2343 631 2420 addiderit3
666 2344 719 2424 qni
741 2346 848 2407 utrum
872 2344 1016 2408 omnibus
1044 2345 1135 2421 locis,
1169 2347 1281 2428 quibus
1304 2347 1344 2411 ab

215 2446 355 2529 exemplo
378 2463 432 2511 suo
456 2445 623 2523 abscessit,
647 2462 701 2508 suo
725 2446 852 2510 tantum
875 2446 1000 2528 ingenio
1023 2466 1097 2512 usus
1120 2449 1223 2514 sitan
1247 2449 1344 2514 inter·

216 2549 291 2615 dum
314 2551 437 2633 praeter
459 2549 597 2614 codicem
619 2550 651 2619 Β
675 2549 769 2614 etiam
793 2550 890 2614 alium
913 2550 1080 2634 inspexerit
1102 2551 1230 2631 librum,
1255 2552 1342 2635 equi-

216 2652 287 2716 dem
303 2671 364 2718 non
380 2651 481 2718 ausim
498 2652 669 2717 decernere.
693 2649 740 2717 Oi.
754 2649 1045 2735 Sitnungsbericbte
1057 2651 1142 2718 CVII
1154 2675 1185 2738 p.
1199 2656 1262 2719 720
1277 2673 1344 2739 sqq.

259 2756 440 2839 Apograpbi
473 2751 686 2819 Sirmondiani
722 2754 845 2835 saepius
882 2755 945 2820 iam
980 2758 1170 2823 mentionem
1204 2746 1344 2823 fecimus.

216 2857 414 2942 Descriptnm
436 2858 514 2923 illud
537 2877 555 2923 a
578 2856 741 2922 Sirmondo
764 2873 800 2920 er
822 2856 922 2922 codice
938 2852 1156 2926 Andecauensi
1179 2862 1285 2940 fnisse,
1309 2862 1346 2926 ut

216 2980 311 3044 supra
334 2959 742 3044 (p.vl1)memorauimus,
766 2959 955 3025 Balunins
978 2963 1123 3031 testatur.
1156 2966 1246 3030 Idem
1261 2967 1346 3030 anti·

216 3064 402 3147 quissimnm
426 3065 521 3129 fuisse
537 3064 777 3129 fundamentum
792 3063 1001 3144 cognocimus,
1027 3083 1086 3148 quo
1102 3051 1197 3132 editio
1213 3068 1345 3149 Rigal-

216 3168 326 3233 tiana
363 3166 532 3233 nitebatur.
578 3166 656 3231 Inde
694 3164 828 3230 codicem
862 3165 894 3234 B
928 3167 1120 3233 descendisse
1152 3172 1344 3237 arbitramur

220 3270 269 3352 (cf.
294 3287 324 3352 p.
352 3270 479 3356 vnn),
503 3272 607 3354 ipsum
630 3271 733 3334 autem
757 3267 968 3351 apographum
1000 3271 1253 3338 Sirmondianum
1282 3292 1345 3338 non

216 3373 279 3438 iam
302 3373 427 3439 uidetur
449 3391 633 3456 comparere.
672 3371 877 3453 Quamquam,
901 3371 933 3435 id
949 3374 1029 3456 qnod
1046 3377 1137 3458 paulo
1153 3382 1223 3460 post
1239 3384 1343 3442 osten-

218 3475 325 3554 detur,
360 3496 421 3543 non
450 3495 567 3560 paucae
590 3480 654 3542 eius
678 3475 823 3541 lectiones
847 3474 982 3540 editione
1005 3479 1144 3561 principe
1167 3483 1255 3547 nobis
1279 3501 1344 3546 ser-

219 3580 311 3644 uatae
333 3580 417 3644 sunt.

465 3767 520 3838 Dc
543 3768 774 3840 editionibus
796 3767 1098 3839 instructionum.

20 3934 202 4040 urrququqnoo·
264 3919 368 3986 Editio
391 3921 532 4005 princeps
555 3940 573 3986 a
594 3923 722 3988 Nicolao
745 3921 884 4006 Rigaltio
915 3925 1022 3987 curata
1045 3923 1090 3988 sic
1113 3925 1159 3987 est
1181 3925 1345 4006 inscripta:

260 4039 491 4109 ‘Commodiani
503 4043 725 4110 instructiones
738 4063 792 4128 per
806 4043 930 4109 litteras
946 4063 1091 4108 uersuum
1104 4045 1230 4127 primas.
1254 4047 1346 4109 Tem-

223 4163 296 4228 pore
320 4143 462 4212 siluestri
486 4147 521 4213 P.
545 4148 581 4212 R.
610 4149 666 4212 sub
690 4147 892 4214 Constantino
916 4146 1002 4212 Caes.
1026 4149 1223 4230 compositae.
1258 4147 1348 4213 Nunc
