2986 4838
224 272 289 319 VIII

224 440 365 525 Pignorii
379 440 546 523 Patauini',
571 458 632 506 non
655 441 718 507 iam
742 441 853 506 exstat
877 439 922 507 Of.
938 441 1056 507 Itrnest.
1073 440 1181 507 Ludu.
1203 443 1237 507 in
1262 462 1355 526 prae·

224 546 339 635 datad
362 545 505 610 instruct.
528 564 557 627 p.
581 544 638 609 XI.

11 666 65 708 cae.
78 665 210 708 uenenu-
266 648 305 711 In
326 648 387 712 hac
409 647 500 712 tanta
521 647 658 713 fatorum
681 647 847 731 iniquitate
871 649 928 725 est,
956 666 1010 712 cur
1032 648 1120 714 nobis
1142 650 1356 731 gratulemur,

10 716 306 834 fflffldquod
328 751 421 817 codex
436 750 708 817 Mediomontanus
726 751 1014 834 (Middlehillensis)
1033 757 1166 816 aetatem
1188 753 1273 835 tulit,
1299 755 1357 836 qui

226 856 259 920 in
273 855 413 935 catalogo
429 854 561 919 Haoneli
584 857 627 937 (p.
645 855 723 938 861)
745 856 778 918 11
799 856 888 920 libris
903 855 1162 921 Meermannianis
1177 856 1222 920 sic
1237 857 1354 921 descri-

226 957 328 1023 bitur:
347 955 576 1023 'Commodiani
597 958 821 1023 Instructiones
844 977 900 1040 per
922 959 1045 1024 litteras
1068 977 1212 1024 uersuum
1234 962 1357 1041 primas

226 1081 281 1127 seu
296 1061 449 1147 uersibus,
472 1062 526 1144 qui
544 1062 689 1127 dicuntur
712 1062 941 1138 acrostichides,
963 1081 1034 1128 cum
1059 1063 1244 1145 quibusdam
1266 1063 1356 1127 aeni·

226 1166 393 1248 gmatibus,
417 1184 496 1231 saec.
518 1166 575 1245 XI,
599 1162 868 1232 membranaceus?

269 1266 363 1333 Hunc
378 1288 449 1334 cum
465 1271 610 1333 uniuersa
624 1269 815 1335 bibliotheca
827 1268 1082 1334 Mediomontana
1093 1266 1353 1334 chelcenhamum

228 1371 418 1436 translatum
440 1372 632 1436 Ernestus
654 1371 830 1453 Ludwig,
853 1371 1035 1453 priusquam
1051 1371 1189 1436 carmina
1206 1368 1354 1436 Commo·

227 1473 313 1539 diani
336 1473 448 1554 ederet,
471 1474 505 1537 in
520 1493 610 1538 usum
625 1493 716 1538 suum
732 1477 910 1538 conuertere
931 1478 1059 1539 conatus
1083 1477 1146 1551 est3
1169 1473 1224 1538 sed
1246 1491 1353 1555 sump-

228 1576 330 1657 tibus,
365 1579 418 1659 qui
441 1595 495 1658 pro
524 1577 616 1641 uenia
644 1576 798 1642 librorum
829 1577 1160 1644 Obsltenhamensium
1186 1575 1354 1658 inspicien-

227 1683 338 1746 dorum
360 1681 443 1764 exigi
464 1680 580 1757 solent,
615 1680 782 1745 deterritus
812 1680 934 1764 incepto
964 1682 1095 1746 destitit.
1134 1678 1201 1759 Quo
1233 1679 1353 1743 factum

228 1786 285 1862 est,
307 1785 344 1849 ut
360 1784 453 1848 editio
470 1785 534 1848 eius
549 1787 674 1867 propter
697 1786 813 1849 ceteras
836 1786 970 1850 uirtutes
994 1785 1163 1850 admodum
1186 1781 1356 1848 laudabilis

229 1887 357 1952 certiore
380 1890 485 1952 tamen
508 1888 610 1952 textus
633 1888 849 1952 conformandi
871 1888 1075 1953 fundamento
1099 1888 1210 1952 careat.

270 1989 444 2072 Insignitus
469 1994 517 2054 est
539 1990 632 2054 codex
654 1990 709 2054 ille
733 1990 814 2054 hunc
838 1991 870 2054 in
894 1991 1037 2055 modum:
1055 1989 1137 2054 ‘cod
1161 1990 1354 2054 Mediomon·

225 2093 319 2157 tanus
338 2090 419 2158 1825
436 2091 721 2172 (Meermannianus
737 2092 836 2172 708)’.
867 2091 974 2157 Prima
989 2092 1102 2176 uiginti
1118 2095 1264 2175 quattuor
1279 2089 1357 2156 folia

226 2193 388 2260 continent
421 2193 635 2260 Commodiani
668 2195 910 2271 instructiones3
946 2214 964 2260 a
997 2195 1070 2260 folio
1105 2195 1147 2259 25
1182 2194 1355 2277 sequuntur

226 2297 409 2363 tetrasticha
431 2297 596 2364 enchiridii
618 2298 833 2374 Prudentiori,
857 2317 988 2380 quorum
1011 2297 1148 2381 primum
1173 2297 1355 2362 inscribitur

227 2400 341 2465 ‘Adam
357 2402 390 2464 et
405 2398 489 2466 Eua?
525 2400 610 2467 Haec
626 2401 823 2485 excipiuntur
845 2402 1027 2485 aenigmatis
1051 2402 1211 2493 sexaginta
1226 2402 1358 2486 duobus,

226 2521 357 2586 quorum
380 2505 565 2569 Haenelium
589 2507 621 2570 in
643 2506 785 2589 catalogo
814 2507 1007 2571 mentionem
1035 2505 1136 2570 facere
1164 2523 1258 2588 supra
1289 2521 1356 2568 me·

226 2609 418 2673 morcuimus
431 2607 484 2690 15).

271 2711 434 2777 Accedunt
458 2713 568 2778 deinde
591 2712 624 2776 in
647 2712 755 2778 eodem
777 2711 880 2778 codice
903 2713 965 2778 alia
987 2713 1148 2796 quasdam,
1172 2729 1249 2794 quae
1272 2729 1357 2776 oom-

229 2833 400 2880 memorare
422 2815 551 2898 longum
575 2817 631 2879 est.

272 2918 332 2985 Hic
362 2918 457 2984 codex
486 2919 518 2983 in
546 2916 804 2983 instructionibus
827 2916 1040 2984 Commodiani
1064 2921 1099 2982 ut
1124 2917 1241 2982 multas
1265 2916 1359 2981 affert

186 3019 189 3022 ⁴
228 3022 374 3086 lectiones
390 3022 444 3098 eis,
467 3040 545 3105 quae
567 3021 600 3085 in
622 3021 771 3087 editiones
793 3026 935 3105 receptae
957 3021 1039 3105 sunt,
1055 3018 1357 3103 praestantiores¹⁶),

228 3124 274 3187 ita
296 3124 439 3204 plurimis
462 3128 492 3188 et
515 3125 704 3191 foedissimis
733 3127 834 3190 scatet
861 3123 991 3190 mendis.
1032 3123 1112 3187 Nam
1142 3124 1354 3207 praeterquam

231 3228 310 3307 quod
333 3225 533 3291 librariorum
555 3227 675 3293 incuria
698 3228 748 3293 uel
777 3227 905 3294 inscitia
937 3226 1056 3291 factum
1084 3229 1144 3304 est,
1176 3227 1211 3291 ut
1238 3224 1358 3305 saepis-

230 3327 308 3393 sime
331 3331 427 3394 uerba
449 3329 504 3393 eut
526 3329 616 3395 miris
639 3332 741 3396 modis
765 3330 1011 3395 deformarentur
1034 3333 1089 3392 ant
1112 3330 1237 3394 omnino
1262 3328 1358 3393 omit·

230 3431 384 3509 terantur,
418 3449 456 3495 ne
484 3433 761 3514 interpolationum
792 3433 917 3516 quidem
948 3432 1060 3496 desunt
1089 3432 1243 3516 exempla,
1278 3430 1358 3513 quod

231 3533 461 3616 depredationis
483 3554 583 3619 genus
607 3536 756 3601 facillime
779 3535 983 3619 cognoscitur,
1007 3534 1059 3599 ubi
1076 3536 1241 3599 uerborum
1258 3533 1359 3599 abun·

231 3638 338 3702 dantia
365 3636 484 3701 iustum
514 3638 641 3702 modum
671 3656 776 3704 uersus
799 3638 920 3705 excedit
943 3637 1030 3702 uelut
1051 3635 1083 3698 ΙΙ
1109 3636 1158 3715 14,
1181 3637 1218 3720 43
1247 3638 1298 3718 21,
1322 3637 1360 3718 2,

230 3740 282 3821 32,
310 3740 358 3804 10.

275 3842 468 3925 Scripturam
496 3842 631 3926 primam
660 3842 776 3910 codicis
807 3851 863 3912 aut
894 3844 1002 3910 eadem
1028 3861 1140 3909 manus
1174 3843 1230 3908 aut
1262 3845 1361 3909 alters

231 3946 388 4010 interdum
405 3948 544 4012 correxit.
578 3947 719 4014 Alterius
742 3953 847 4015 autem
870 3967 980 4015 manus
1004 3946 1234 4013 emendationes
1256 3948 1287 4011 et
1303 3949 1360 4011 ed-

275 4116 304 4182 ¹⁵)
324 4117 362 4170 De
380 4117 479 4170 eisdem
496 4116 555 4184 egit
573 4115 662 4171 Gnil.
680 4117 793 4188 Meyer
812 4117 830 4172 1.
849 4134 870 4173 0.
890 4133 914 4187 p.
931 4118 991 4172 418.

275 4201 304 4270 ¹⁶)
324 4202 364 4256 Cf.
384 4201 631 4270 Sitzungsberiobte
649 4201 726 4258 cvn
745 4220 770 4272 p.
790 4204 914 4273 142100.
