2986 4838
226 346 309 393 XVIII

269 513 460 577 Litterarum
484 513 581 577 ferme
603 512 777 578 minuscula
805 515 851 577 est
881 514 995 591 forma,
1033 513 1095 576 nisi
1124 515 1204 595 qnod
1235 514 1353 596 singuli

226 634 335 680 uersus
352 615 516 697 asingulis
532 613 711 679 uncialibus
733 614 848 680 litteris
871 613 998 679 initium
1021 615 1157 699 capiunt,
1181 619 1253 680 ante
1274 635 1351 698 quas

227 721 375 800 punctum
405 735 500 798 supra
528 717 645 780 lineam
677 719 749 798 poni
782 716 859 782 solet
891 716 932 781 ad
964 735 1073 782 uersus
1100 716 1347 800 distinguendos,

227 821 280 902 qui
301 825 459 901 praeterea
482 837 542 883 uno
565 822 672 883 tenore
695 819 804 901 scripti
825 824 907 885 sunt.
930 819 1010 884 Raro
1026 819 1174 888 librarius
1197 839 1250 901 per
1264 822 1347 886 totos

227 941 335 988 uersus
351 922 470 986 unciali
485 923 639 1006 scriptura
656 923 813 1006 utebatur,
838 924 925 988 uelut
948 942 977 987 u.
1004 915 1195 989 138-140.
1223 926 1352 990 Praeter

227 1028 359 1109 prImam
380 1026 501 1090 librarii
524 1044 654 1091 manum
677 1026 777 1090 altera
799 1044 920 1109 quoque
942 1028 1091 1104 occurrit,
1126 1045 1205 1110 quae
1226 1029 1293 1093 siue
1314 1047 1351 1093 ex

227 1131 293 1211 ipso
316 1128 432 1192 codicis
453 1129 490 1198 M
513 1128 679 1211 archetypo
703 1128 769 1192 siue
798 1147 833 1192 er
862 1129 923 1194 alio
952 1129 1125 1210 antiquiore
1147 1129 1237 1210 libro,
1272 1148 1351 1212 quae

228 1235 282 1296 aut
302 1249 464 1314 perperam
486 1232 602 1314 scripta
623 1234 678 1295 aut
693 1233 807 1296 omissa
821 1231 956 1307 fuerunt,
980 1231 1145 1315 diligenter
1160 1233 1348 1314 corrigebat.

228 1421 284 1490 De
306 1418 536 1490 editionibus
564 1419 741 1490 carminis
764 1420 993 1507 apologetici
1015 1422 1055 1490 et
1077 1421 1352 1491 commentatio·

605 1523 718 1593 nibus
741 1523 978 1609 quibusdam.

271 1661 406 1738 Primos,
430 1659 467 1723 ut
489 1659 552 1722 iam
575 1658 720 1735 diximus,
743 1659 774 1726 J.
792 1661 827 1724 B.
845 1659 956 1725 Pitra
978 1677 1102 1725 carmen
1124 1661 1352 1745 apologeticum

231 1782 265 1827 er
293 1763 411 1845 codice,
446 1780 537 1843 quem
568 1761 731 1827 Thomas
758 1762 972 1844 Phillipps,
1007 1763 1212 1828 bibliothecae
1233 1763 1353 1828 Medio*

230 1868 393 1930 montanae
415 1863 564 1946 conditor,
586 1864 634 1928 illi
657 1866 931 1947 peruastigandum
947 1867 1126 1942 tradiderat,
1150 1867 1181 1929 in
1197 1865 1352 1948 spicilegii

231 1967 431 2034 Solesmensis
460 1967 620 2031 uolumine
643 1967 659 2031 Ι
688 1968 875 2034 01101852
904 1968 1010 2034 edidit.
1057 1969 1173 2033 Torius
1207 1969 1352 2034 carminis

232 2072 296 2136 illic
318 2089 337 2134 a
358 2071 474 2154 pagina
496 2068 539 2133 20
568 2089 664 2154 usque
694 2072 732 2135 ad
755 2090 784 2153 p.
808 2072 850 2135 49
878 2072 1025 2152 pertinet.
1071 2071 1292 2136 Praemittitur
1319 2072 1354 2136 in

231 2173 454 2257 prolegomenis
476 2192 505 2255 p.
529 2173 750 2238 XVI-XXV
774 2173 994 2238 commentatio
1018 2173 1155 2240 editoris.
1187 2175 1354 2239 Praeterea

232 2295 329 2342 nouae
341 2275 477 2340 eiusdem
489 2294 580 2340 curae
595 2279 787 2341 accesserunt
803 2277 836 2340 in
849 2276 955 2341 eodem
968 2276 1128 2340 uolumine
1139 2296 1170 2358 p.
1183 2277 1353 2342 ear-543

232 2381 264 2445 ot
284 2381 317 2445 in
338 2378 495 2443 uolumine
518 2379 564 2443 IV
579 2397 658 2444 anno
677 2379 761 2446 1858
783 2380 864 2444 edito
884 2380 1116 2462 0.·222-224,
1139 2380 1194 2443 ubi
1217 2384 1355 2445 extrema

233 2501 304 2566 pars
326 2481 472 2546 carminis
489 2500 523 2545 er
537 2479 706 2547 recentiore
722 2480 859 2548 Thomae
873 2482 1029 2565 Phillipps
1052 2481 1217 2546 collatione
1240 2484 1353 2547 iterum

70 2656 124 2679 θ
150 2597 162 2678 ᾗ
179 2589 193 2625 ·’
233 2585 458 2650 recensebatur.

276 2690 366 2755 Anno
393 2687 463 2767 post
492 2687 627 2769 primum
657 2687 812 2771 spicilegii
836 2688 1039 2753 solesmensis
1060 2689 1208 2753 uolumen
1236 2688 1354 2761 editum

233 2792 264 2858 J.
287 2793 321 2856 L.
346 2792 367 2859 J
375 2791 490 2855 acobi
513 2789 805 2855 commentationem
830 2791 972 2872 scripsit,
996 2809 1056 2873 qua
1079 2790 1252 2872 quaeritur,
1276 2808 1355 2871 quae

233 2895 328 2960 luerit
348 2892 563 2959 Commodiani
586 2894 624 2957 de
646 2894 788 2958 trinitate
813 2893 916 2976 opinio
930 2891 983 2974 16).

277 2998 358 3063 Satis
381 2997 474 3079 longo
495 2995 658 3060 interiecto
682 2998 829 3080 temporis
853 2997 953 3078 spatio
968 3014 1049 3062 noua
1063 2995 1117 3060 lux
1131 2995 1350 3062 Commodiano

234 3100 369 3179 adfulsit,
394 3117 465 3162 cum
480 3116 562 3163 anno
579 3099 663 3164 1810
684 3116 728 3178 ea,
752 3117 833 3180 quae
857 3097 1029 3163 Adolfus
1052 3098 1178 3162 libert
1204 3099 1237 3162 in
1260 3097 1362 3162 Saxo-1

235 3206 303 3269 nica
325 3204 501 3268 litterarum
524 3204 672 3267 societate
693 3202 841 3284 inprimis
864 3204 900 3267 de
923 3202 1057 3276 ratione,
1085 3201 1218 3283 origine,
1251 3195 1365 3265 001010Γ

236 3306 381 3371 carminis
396 3305 484 3369 docte
499 3308 530 3368 et
545 3305 702 3388 ingeniose
719 3304 945 3386 disputaverat,
969 3304 1052 3386 typis
1074 3301 1354 3383 mandarentur²⁷).

235 3411 313 3474 Inde
340 3410 508 3491 coeperunt
537 3409 567 3472 et
594 3408 746 3490 philologi
770 3412 802 3471 et
822 3407 961 3491 theologi
984 3406 1203 3473 Commodiano
1226 3407 1279 3470 diu
1302 3424 1358 3470 ne·

235 3512 336 3597 glecto
360 3510 503 3575 certatim
526 3529 650 3596 operam
672 3528 797 3576 nauare.

279 3613 382 3679 Adolfi
403 3612 498 3678 Ebert
521 3613 656 3695 uestigia
678 3613 791 3695 pressit
814 3611 976 3677 Carolus
999 3612 1225 3690 heimbach,
1248 3611 1302 3694 qui
1325 3612 1357 3676 in
1386 3700 1388 3705 η

235 3717 463 3801 programmate
496 3715 637 3798 paschali
670 3716 795 3781 scholae
829 3716 932 3782 ciuilis
964 3715 1133 3798 superioris
1163 3715 1359 3780 Schmalcal-

237 3819 338 3886 densis
360 3836 439 3884 anno
463 3818 543 3883 1811
567 3818 666 3897 edito,
693 3836 771 3900 quae
794 3821 832 3884 ad
855 3817 887 3882 id
908 3819 1045 3883 locorum
1068 3818 1106 3883 de
1128 3819 1263 3882 carmine
1285 3834 1357 3900 apo·

280 4006 309 4073 ²⁶)
330 4005 534 4060 Commodianus
552 4004 606 4057 und
624 4005 667 4058 die
685 4004 872 4059 altlrirchliche
891 4004 1106 4059 Trinitttslehre.
1135 4004 1269 4058 Deutsche
1287 4003 1360 4058 Zeit-

237 4093 334 4147 schrift
351 4093 371 4144 f.
389 4091 491 4144 christi.
511 4090 670 4145 Wiseenseh.
688 4108 714 4146 u.
733 4091 837 4148 christl.
856 4091 951 4148 haben.
975 4091 1042 4146 1853
1060 4107 1085 4159 p.
1103 4090 1257 4146 203-209.

282 4179 312 4246 ²⁷)
330 4176 465 4231 Abhandl.
485 4177 532 4230 der
549 4176 748 4246 philol-histor.
767 4178 857 4233 Classe
881 4178 928 4232 der
945 4178 1047 4247 lrbnigl.
1065 4178 1148 4232 stolis.
1169 4175 1311 4231 Gesellsch.
1331 4176 1358 4229 d.

239 4265 398 4320 Wissenech.
416 4265 439 4318 V
459 4264 545 4334 (1870)
563 4282 588 4334 p.
607 4265 762 4321 eoo-420.
1318 4282 1320 4284 ’
