2986 4838
251 322 290 367 Π

245 507 342 554 nouas
363 492 396 554 et
417 492 557 572 egregias
579 491 702 555 notauit
723 491 881 566 lectiones,
904 508 957 554 cae
980 490 1096 554 nemini
1119 507 1180 553 nou
1201 489 1399 570 potuerunt.

246 593 425 674 cupidinem
446 593 563 658 inicere
585 598 689 658 cetera
711 613 830 676 quoque
852 593 1065 677 cognoscendi

288 694 400 778 Itaque
422 713 503 761 auno
524 697 698 778 insequenti
719 697 789 761 Pio
811 696 975 777 Knoell,
999 714 1069 760 cum
1087 695 1121 760 in
1135 696 1285 781 Angliam
1299 713 1373 779 pro·

245 797 450 881 ficisceretur,
477 802 662 865 mandatum
683 804 744 879 est,
773 801 810 863 ut
831 799 1013 864 inchoatum
1036 818 1055 864 a
1076 799 1273 881 Sedlmayero
1294 817 1373 880 opus
1478 811 1480 814 ’

245 901 433 976 absolueret,
457 904 511 985 qui
525 922 593 967 rem
607 906 699 968 tanta
713 908 745 968 ct
758 902 927 986 diligentia
941 905 974 967 et
990 923 1096 967 rerum
1110 903 1224 987 peritia
1239 904 1371 985 peregit,

245 1007 294 1080 nt,
316 1005 433 1086 siquid
457 1005 490 1069 in
511 1007 619 1070 nostra
641 1007 777 1071 editione
799 1007 890 1071 laude
912 1007 1043 1089 dignum
1064 1006 1230 1083 uidebitur,
1253 1025 1370 1089 magna

246 1126 281 1172 ex
303 1110 392 1189 parts
414 1108 464 1173 illi
485 1115 647 1191 acceptum
669 1110 850 1174 referamus.

288 1207 326 1272 In
340 1211 505 1275 collatione
527 1211 588 1275 Pii
603 1211 742 1276 Knoell
764 1230 825 1276 non
846 1212 952 1277 inueni
974 1213 1213 1295 capitulationes
1235 1212 1373 1276 instruc-

245 1313 368 1377 tionum
379 1312 432 1394 ²⁹).
457 1315 522 1378 Has
536 1321 646 1396 postea
660 1316 855 1379 Henricns
871 1315 1017 1392 Beokh,
1040 1315 1160 1380 amicus
1175 1335 1271 1394 meus,
1295 1318 1373 1380 dnm

246 1416 424 1481 studiomm
447 1436 539 1483 causa
560 1421 592 1482 in
614 1419 730 1501 Anglia
751 1420 904 1495 1111111111,
928 1423 1038 1502 rogatu
1061 1436 1188 1483 mecca
1211 1419 1315 1484 codice
1339 1417 1371 1490 C

246 1519 380 1601 benigne
402 1522 574 1605 descripsit.

283 1690 339 1778 De
361 1707 579 1778 nouissimis
602 1709 979 1780 commentationibus
1001 1709 1050 1780 ad
1073 1709 1329 1782 Commodiani

574 1812 741 1883 carmina
762 1813 1052 1899 pertinentibus.

291 1947 390 2014 Nouis
418 1948 606 2014 lectionibus
635 1949 897 2015 Mediomontanis
926 1954 1044 2033 primus
1072 1969 1147 2015 usne
1169 1952 1216 2014 est
1237 1951 1370 2016 Fride-

250 2052 356 2116 ricus
372 2052 564 2131 Hanssen‚
589 2053 690 2135 quiin
705 2055 965 2118 commentatione
980 2054 1114 2136 egregia,
1137 2072 1231 2136 quam
1247 2057 1283 2119 de
1298 2057 1368 2119 arte

250 2156 379 2219 metrica
391 2155 607 2219 Commodiani
622 2156 722 2220 edidit
732 2157 945 2240 (Argentorati
959 2157 1041 2238 apud
1055 2154 1199 2221 Carolum
1210 2157 1241 2222 J.
1254 2157 1369 2221 Traeis

251 2278 314 2323 ner.
345 2256 638 2338 MDCCCLXXXI),
668 2260 832 2341 postquam
854 2259 1026 2324 collationis
1050 2278 1147 2324 nouae
1170 2261 1199 2323 11
1221 2279 1257 2323 ex
1278 2260 1367 2341 parte

248 2361 336 2442 copia
358 2360 442 2424 facta
464 2363 521 2439 est,
544 2361 718 2442 permultos
740 2360 822 2425 locos
844 2363 979 2426 sanauit.
1026 2362 1109 2426 ldem
1131 2362 1189 2426 illa
1211 2378 1369 2426 commen-

248 2466 367 2529 tatione
391 2463 557 2528 ostendens
580 2462 794 2529 Commodiani
815 2484 939 2543 uersus,
974 2466 1027 2548 qui
1054 2471 1086 2530 11
1112 2466 1183 2530 aliis
1204 2464 1316 2529 multis
1338 2466 1372 2529 et

248 2567 327 2633 mihi
349 2568 408 2649 ipsi
431 2585 525 2649 prope
547 2566 634 2631 nullo
663 2571 745 2632 certo
775 2567 881 2632 ordine
909 2567 1003 2634 fluere
1032 2568 1230 2642 uidebantur,
1263 2573 1369 2632 tamen

247 2671 370 2754 legibus
393 2670 579 2752 quibusdam
609 2672 707 2734 teneri
737 2673 848 2736 ceteris
870 2689 990 2754 qnoque
1017 2670 1210 2754 probabilem
1239 2671 1370 2736 rationis

248 2777 394 2840 metricae
408 2791 550 2839 normam
568 2774 737 2857 proposuit,
761 2774 800 2838 ad
824 2773 1121 2857 quamneeensenli
1144 2790 1268 2855 operam
1291 2772 1364 2837 diri·

249 2882 367 2962 gerent.

291 2981 474 3064 Nuperrime
485 2982 523 3045 de
536 2978 757 3045 Commodiano
769 2978 995 3046 Guilelmus
1006 2981 1137 3064 Meyer
1152 2980 1373 3045 benemeritus

249 3086 305 3147 est.
350 3084 381 3147 Is
404 3085 436 3146 in
459 3080 728 3160 commentatione,
758 3100 835 3164 quae
856 3081 1036 3146 inscribitur
1059 3081 1199 3165 ‘Aulang
1221 3085 1285 3147 und
1307 3081 1370 3146 Ur·

249 3202 367 3266 sprung
391 3185 443 3249 der
474 3183 679 3248 lateinischen
709 3184 773 3248 und
799 3183 1012 3266 griechischen
1034 3184 1249 3268 rythmischen
1272 3182 1369 3248 llich-

249 3284 340 3370 tung'
354 3285 408 3367 ⁸⁰),
432 3289 496 3368 ipse
518 3305 638 3369 quoque
655 3287 693 3350 de
710 3304 856 3350 uersuum
879 3285 1092 3353 Commodiani
1115 3291 1272 3352 structura
1294 3287 1367 3367 egit,

249 3390 394 3454 carminis
429 3390 612 3473 apologetici
646 3390 844 3472 potissimum
878 3390 998 3454 ratione
1027 3390 1146 3470 habita,
1181 3388 1255 3473 quia
1287 3388 1368 3452 illud

180 3530 188 3555 0
249 3492 352 3556 minus
368 3510 460 3573 quam
482 3492 702 3556 instructiones
726 3493 845 3557 mendis
869 3492 1065 3558 deformatur.

292 3594 362 3659 Illic
385 3613 455 3658 cum
478 3596 539 3659 alia
561 3596 663 3660 multa
691 3597 779 3660 acute
808 3596 995 3677 disputanit‚
1029 3597 1097 3660 tum
1121 3596 1221 3678 legem
1244 3593 1372 3677 abipso

249 3698 348 3783 primo
380 3701 573 3781 perspectam
602 3700 749 3780 protulit,
783 3719 877 3782 quam
900 3706 1023 3766 secutus
1046 3698 1282 3764 Commodianus
1305 3699 1371 3762 toto

250 3803 314 3868 fere
346 3803 481 3866 carmine
514 3801 598 3866 binis
627 3803 767 3866 uersibus
798 3803 938 3887 singulas
963 3801 1133 3868 sententias
1156 3800 1371 3867 concludebat.

248 3903 317 3969 Hoc
340 3902 484 3969 Columbi
510 3904 665 3985 quoddam
688 3922 782 3968 ouum
805 3914 884 3983 erat3
919 3924 990 3971 nam
1019 3907 1098 3988 qnod
1127 3922 1206 3968 unus
1239 3904 1371 3984 inuenit,

250 4008 292 4081 id,
315 4012 477 4089 postquam
500 4005 663 4069 inuentum
686 4007 746 4083 est,
780 4011 846 4072 tam
868 4008 958 4073 facile
982 4006 1145 4072 intellectu
1167 4007 1306 4081 uidetur,
1336 4009 1372 4072 ut

295 4161 324 4224 ²⁸)
344 4160 386 4214 cf.
403 4159 530 4212 editionis
549 4161 655 4211 nostrae
672 4175 697 4228 p.
716 4160 796 4226 3·sq.,
815 4160 848 4213 56
867 4174 904 4226 sq.

295 4245 324 4312 ³⁸)
343 4243 477 4297 Abhaudl.
496 4243 519 4296 d.
539 4244 565 4296 k.
582 4242 670 4311 bayer.
690 4244 775 4296 Akad.
794 4244 818 4297 d.
839 4243 916 4296 Wiss.
935 4240 1022 4297 xtll.
1041 4243 1126 4309 (1885)
1146 4259 1170 4311 p.
1189 4243 1345 4296 aus-307.
